2393 3590
656 35 1146 144 CAPJLLARJB
1158 82 1275 147 Vs,
1651 95 1772 168 287

113 244 347 313 metrico
372 241 507 297 vltra
530 239 834 297 consuetam
861 238 1216 311 altitudinem,
1234 242 1300 298 ad
1324 261 1490 316 vsque
1520 255 1604 318 70
1634 291 1648 317 ‚
1693 251 1778 305 vel

108 344 188 407 75
226 331 450 403 pollices
480 370 493 396 ‚
533 328 676 399 quod
703 328 1116 399 phaenomenon
1155 322 1301 385 Clar.
1337 330 1547 387 Autori
1589 337 1778 406 placuit

106 421 207 476 huc
246 416 480 472 referre:
524 415 784 470 Dicerem
810 432 876 471 eo
901 416 1051 486 casu,
1091 418 1372 487 particulas
1397 423 1645 475 mercurii
1681 424 1764 477 vi-

100 518 188 562 tto
215 503 432 574 superne
461 504 736 574 contiguas
757 501 958 556 defendi
980 504 1208 558 avitreis
1231 505 1330 558 illis
1354 521 1541 562 contra
1558 509 1774 580 preffio-

105 609 231 648 nem
257 589 402 645 huius
427 587 571 642 fluidi
592 609 608 656 3
633 589 774 644 vnde
805 589 958 644 etiam
986 590 1192 644 accidat
1216 633 1229 660 ,
1263 605 1323 645 vt
1346 597 1638 650 mercurius
1672 598 1773 653 leui

101 676 419 734 succuffione
442 690 470 727 a
494 672 744 746 supremo
777 676 944 730 tubuli
983 679 1222 733 contactu
1241 675 1399 734 semel
1429 682 1623 737 auulsus
1640 699 1774 737 non-

106 766 196 822 nisi
223 764 284 819 ad
308 761 622 818 ordinariam
648 761 951 818 sustentetur
975 764 1332 837 altitudinem3
1383 767 1637 823 nimirum
1662 788 1770 842 pro

103 868 226 907 mea
253 848 628 904 coniectatione
654 892 666 918 ‚
693 848 801 902 hoc
827 849 1077 918 fluidum,
1110 850 1382 907 vbisemel
1402 853 1584 912 tubum
1612 859 1772 914 intra-

109 939 186 995 uit
208 937 371 1006 aliqua
394 929 466 986 sui
493 934 680 1005 copia,
713 935 988 1006 aequaliter
1013 937 1308 1006 supremam
1336 944 1572 997 mercurii
1597 943 1769 1018 super-

103 1025 278 1080 ficiem
300 1022 355 1074 in
374 1018 562 1075 tubulo
587 1034 768 1095 Vrget,
797 1035 858 1076 ac
879 1019 1121 1075 infimam
1147 1024 1198 1075 in
1218 1023 1335 1077 vase
1366 1029 1632 1101 ampliore
1658 1033 1769 1086 aeri

103 1106 420 1180 expositam,
507 1102 651 1179 Quid
684 1124 812 1178 ergo
841 1142 856 1174 ,
886 1106 1076 1181 inquis,
1108 1109 1176 1162 de
1207 1109 1579 1182 phaenomeno
1604 1118 1769 1174 bacie-

99 1212 192 1250 nus
221 1206 531 1251 memorato
566 1192 697 1252 fiet?
723 1196 1051 1252 commendo
1070 1195 1198 1252 illud
1218 1198 1451 1269 repetito
1479 1197 1766 1259 Autorum

52 1325 59 1333 .
98 1280 352 1340 examini.

237 1367 399 1428 LVI.
486 1367 589 1426 Ista
619 1386 752 1426 vero
803 1372 871 1426 de
915 1373 1215 1446 praecipuis
1265 1372 1766 1446 phaenomenorum

91 1453 552 1526 explicationibus,
638 1457 772 1516 Vidi
790 1459 971 1532 plures
1010 1501 1025 1529 ,
1067 1476 1197 1532 quas
1223 1461 1393 1518 nolim
1418 1466 1769 1539 examinare3

95 1542 240 1610 aliaS,
283 1542 532 1614 quoniam
553 1543 708 1600 nimis
725 1548 1119 1601 commentitiae
1145 1548 1257 1603 sunt
1282 1568 1297 1617 3
1325 1549 1472 1619 alias,
1510 1555 1765 1624 quoniam

93 1634 258 1688 minus
292 1629 587 1704 specialiter
623 1632 896 1705 expositae
935 1634 1000 1688 ab
1035 1631 1379 1690 Auctoribus
1400 1636 1519 1696 suis,
1611 1639 1764 1716 Quid

95 1717 210 1773 mihi
232 1719 485 1787 videatur,
510 1724 780 1788 exponam
806 1719 1157 1774 dissertatione
1164 1719 1416 1794 secunda,
1459 1740 1588 1794 quae
1609 1729 1760 1797 plura

94 1807 249 1860 etiam
279 1806 347 1860 de
375 1806 458 1860 his
479 1804 671 1860 tubulis
697 1807 1054 1876 experimenta
1092 1807 1384 1861 continebit
1411 1845 1424 1875 ‚
1464 1823 1514 1863 et
1544 1815 1765 1868 conclu⁴

91 1892 264 1947 fiones
299 1892 498 1963 aliquot
534 1892 741 1947 eisdem
778 1891 1109 1966 superstruet.
1209 1893 1361 1947 Dum
1387 1896 1437 1948 id
1460 1898 1510 1949 in
1531 1898 1765 1970 sequenti

90 1976 562 2034 Commentari,zrum
588 1975 644 2034 V
645 1977 857 2033 alumine
880 1979 974 2033 fiat
989 2021 1004 2048 ‚
1039 1978 1348 2053 cogitabunt
1368 1980 1764 2060 Lectoresfim.

80 2065 141 2136 gi
165 2082 253 2118 me
277 2065 390 2118 vice
403 2064 523 2120 cotis
552 2100 569 2136 ,
596 2073 788 2121 acutum
804 2064 1016 2123 reddere
1048 2082 1179 2142 quae
1206 2064 1405 2135 ferrum
1411 2064 1563 2142 solet,
1586 2071 1761 2149 exfhrs

87 2151 190 2227 zpsa
206 2150 428 2226 ficandi.

1603 2691 1756 2775 DE
