2393 3590
586 161 700 240 318
792 158 910 222 DE
958 155 1142 221 VLT.
1177 153 1558 220 VELociT.
1597 150 2067 220 CORPORVM

578 314 878 375 differentia
915 317 1261 374 velocitatum
1295 319 1546 373 materiae
1582 310 1779 371 subtilis
1811 317 1862 371 in
1888 318 2111 392 regione
2139 325 2238 375 ter-

579 422 673 461 rae
699 403 801 460 effe
829 406 1049 460 deberet
1069 393 1371 481 :z-s-gggb-
1395 399 1694 456 velocitatis
1712 401 1942 472 mediae,
1990 420 2117 460 cum
2132 402 2230 457 difi-

578 493 804 547 ferentia
836 493 1184 548 distantiarum
1210 500 1465 563 exaequat
1485 497 1686 541 tantum
1713 498 1918 557 parte-m
1948 490 2240 548 duodecies

583 579 921 633 millesimam
961 577 1230 632 distantiae
1265 578 1472 632 mediae
1502 592 1518 640 ·,
1550 588 1684 643 quae
1714 574 1976 628 rationum
2006 579 2242 650 inaequa-

584 664 704 718 litas
723 667 817 720 vix
843 666 1055 736 concipi
1072 662 1259 735 potest.
1356 660 1412 719 Si
1445 659 1665 729 fingatur
1693 659 1932 732 planetas
1955 665 2163 719 moueri
2183 667 2237 721 in

585 752 751 806 fluido
777 750 1092 824 quiescente,
1130 760 1379 822 oporteat
1411 758 1469 802 vt
1489 745 1707 802 fluidum
1729 745 1852 802 illud
1883 747 1944 801 sit
1968 749 2243 806 minimum

589 849 891 909 3000000
916 835 1122 891 vicibus
1142 835 1310 892 rarius
1333 852 1486 909 quam
1510 833 1723 889 materia
1750 834 2018 905 planetae,
2048 839 2168 907 quia
2192 854 2242 892 a·

585 923 686 977 lias
717 941 829 979 non
854 924 1031 996 posset
1067 938 1173 976 non
1209 919 1518 978 sensibiliter
1541 921 1783 991 planetae
1805 935 2017 976 motum
2039 938 2242 994 pertur-

590 1008 738 1068 bare.
827 1008 964 1088 Quis
989 1023 1160 1066 autem
1188 1020 1387 1063 tantam
1412 1005 1741 1062 subtilitatem
1769 1004 2083 1080 concipiat?
2115 1010 2243 1067 Mo-

585 1107 698 1151 tum
721 1097 1053 1170 planetarum
1071 1095 1121 1147 in
1144 1110 1317 1149 vacuo
1335 1133 1350 1163 ‚
1383 1093 1557 1148 multo
1580 1094 1748 1148 minus
1770 1093 1967 1166 probO.

745 1183 848 1238 IX.
934 1180 1137 1239 Notati
1161 1197 1369 1252 quoque
1389 1192 1647 1245 meretur,
1673 1198 1829 1250 quam
1854 1180 2162 1241 insufficiens
2184 1183 2247 1241 sit

585 1267 881 1339 hypothesis
914 1265 1216 1324 Cartefiana
1255 1281 1357 1334 pro
1391 1262 1711 1332 explicando
1746 1265 1984 1321 descensu
2032 1287 2237 1344 corpo-

587 1371 705 1410 rum
728 1372 753 1409 a
780 1355 1033 1428 grauitate.
1121 1349 1499 1421 Praeterquam
1531 1348 1668 1403 enim
1701 1352 1841 1422 quod
1869 1366 2103 1423 corpora
2135 1373 2252 1411 non

591 1438 762 1495 versus
789 1454 1021 1495 centrum
1061 1434 1146 1489 sed
1169 1434 1336 1490 versus
1361 1452 1519 1490 axem
1549 1435 1764 1491 tendere
1789 1437 2046 1492 deberent
2071 1476 2087 1506 ‚
2137 1459 2250 1496 non

589 1525 800 1600 possent
834 1541 940 1578 non
969 1523 1138 1592 abripi
1165 1539 1193 1575 a
1219 1523 1439 1577 materia
1480 1521 1652 1575 subtili
1685 1539 1884 1594 unaque
1917 1538 2039 1578 cum
2070 1524 2153 1579 illa
2195 1527 2253 1581 in

590 1615 845 1667 vorticem
894 1610 990 1680 agi,
1091 1601 1415 1664 Commode
1460 1607 1755 1663 admodum
1798 1609 2086 1676 fingeretur
2127 1623 2248 1665 mo-

591 1711 702 1753 tum
739 1699 888 1752 istum
919 1694 1312 1752 horizontalem
1347 1694 1447 1750 effe
1488 1694 1739 1748 infinities
1785 1695 2048 1749 minorem
2096 1708 2248 1750 motu

589 1784 834 1839 verticali
865 1826 878 1852 ‚
921 1785 957 1839 si
991 1784 1164 1839 modo
1218 1782 1271 1837 id
1312 1784 1448 1838 stare
1504 1781 1674 1852 poffet
1704 1797 1826 1835 cum
1878 1779 2130 1836 solutione
2173 1780 2245 1835 se-

588 1873 789 1943 quentis
802 1870 1176 1944 problematis.
1203 1864 1375 1926 Prohl.
1393 1867 1446 1924 Si
1459 1868 1510 1921 in
1526 1870 1732 1922 vortice
1748 1859 1915 1922 BCD
1944 1868 2059 1940 (fig.
2084 1883 2106 1942 5
2124 1870 2256 1935 .)cu-

584 1957 659 2012 ius
694 1970 934 2018 centrum
957 1954 1044 2027 A,
1061 1954 1283 2030 quiescat
1308 1955 1502 2030 globus
1522 1955 1570 2010 E
1591 1956 1858 2024 grauitatis
1881 1971 2252 2026 exper5,quae-

591 2047 722 2100 ,titur
746 2046 885 2100 ratio
911 2044 1161 2116 impulsus
1192 2043 1336 2098 fluidi
1363 2043 1417 2098 in
1439 2042 1763 2113 superficiem
1788 2042 1944 2110 globi
1967 2039 2249 2094 secundum

593 2132 943 2187 directionem
973 2131 1342 2204 tangentialem
1369 2131 1434 2184 ad
1460 2128 1781 2200 preffionem
1806 2167 1820 2192 ‚
1862 2141 2017 2198 quam
2042 2125 2251 2181 fluidum

597 2221 674 2274 ob
700 2218 809 2272 vim
835 2217 976 2273 suam
999 2217 1348 2289 centrifugam
1366 2226 1593 2270 exercet.
1616 2210 1724 2270 Sol.
1771 2208 1851 2263 Sit
1874 2209 2120 2266 distantia
2137 2213 2251 2285 glo-

599 2306 654 2359 bi
683 2322 710 2358 a
738 2318 921 2359 centro
954 2305 1170 2358 vorticis
1198 2319 1304 2357 :r
1326 2345 1340 2371 ,
1376 2313 1621 2355 numerus
1648 2297 1845 2367 pedum
1872 2314 2004 2368 quos
2031 2298 2253 2355 fluidum

597 2390 822 2445 vorticis
855 2389 913 2441 -in
947 2389 1027 2443 illa
1062 2391 1304 2444 distantia
1340 2383 1557 2441 absoluit
1591 2394 1837 2454 tempore
1871 2383 2020 2439 vnius
2066 2387 2256 2441 minuti

597 2476 857 2538 sec-:713
900 2473 1116 2543 denique
1142 2473 1351 2543 pondus
1383 2468 1527 2542 globi
1552 2468 1700 2523 fluidi
1722 2478 1844 2540 :pu
1931 2470 2255 2528 Monstrauit

603 2575 779 2618 autem
801 2555 1068 2626 Hugenius
1112 2594 1128 2626 ‚
1179 2555 1322 2629 quod
1357 2556 1394 2609 fi
1423 2555 1612 2627 globus
1649 2555 1838 2608 feratur
1864 2571 1925 2608 ea
1950 2556 2255 2628 velocitate,

605 2660 763 2719 quam
802 2643 1014 2713 acquirit
1045 2639 1189 2714 lapl'u
1215 2641 1307 2695 suo
1340 2642 1506 2695 libero
1530 2657 1628 2713 per
1664 2640 1989 2695 altitudinem
2012 2643 2091 2708 ὲν
2113 2685 2127 2710 ‚
2153 2645 2256 2701 eius

608 2733 688 2789 vis
725 2725 1010 2800 centrifuga
1049 2727 1272 2802 aequalis
1309 2728 1369 2785 sit
1415 2725 1501 2783 suo
1533 2725 1769 2802 ponderi.
1856 2727 2008 2803 Ergo
2053 2745 2174 2785 cum
2206 2732 2251 2783 i-

2138 2815 2260 2875 dem
