2393 3590
258 460 443 522 Phaen.
463 476 525 547 4⁸

571 134 697 211 236
1121 132 1237 193 DE
1291 133 1658 197 TVBVLJS

567 296 688 350 dem
713 292 1005 349 sensibilem
1036 294 1137 350 effe
1163 292 1467 357 confitetur,
1557 293 1737 367 Pergit
1758 307 1931 352 autem
1963 292 2071 354 Vir
2093 295 2221 360 Cla.

563 380 657 436 riis.
673 398 981 438 memorans
1003 417 1017 447 ,
1040 382 1076 443 1,
1090 399 1135 436 e.

785 465 1114 547 4.Affumto
1153 470 1283 525 licet
1310 468 1556 523 breuiore
1572 466 1703 520 tubo
1729 467 1873 535 ML,
1910 488 1964 529 et
2001 492 2231 548 eousque

562 552 811 610 immerso
835 598 848 625 ‚
876 568 934 609 vt
963 574 1086 628 pars
1114 558 1340 611 eminens
1367 554 1478 610 LM
1505 554 1686 608 minor
1710 551 1839 606 effet
1866 553 2138 626 segmentis
2169 581 2221 616 a,

567 643 760 697 liorum
788 643 1097 710 longiorum
1128 654 1180 696 et
1211 656 1369 712 aeque
1413 640 1740 713 amplorum,
1779 640 1844 692 ab
1873 661 2001 715 aqua
2023 646 2229 717 supere.

569 730 803 783 minente
827 726 917 785 IN
937 730 1023 784 vel
1060 723 1173 782 GO
1199 728 1467 797 occupatis
1497 748 1508 782 ;
1551 741 1660 779 non
1685 737 1855 782 tamen
1878 728 2152 788 ascendere
2178 751 2228 789 a·

570 833 730 887 quam
757 816 888 870 vitra
915 815 1179 869 canaliculi
1203 813 1343 868 labia
1360 851 1375 880 ,
1423 830 1511 867 nec
1535 807 1744 888 effluere.

801 898 1220 974 5.Canaliculum
1250 897 1580 955 humeffl‘atum
1605 901 1765 972 prim,
1791 899 1956 956 altius
1989 905 2230 962 admitte-

561 1004 621 1042 re
661 1005 849 1058 aquam
885 988 936 1044 in
974 989 1196 1044 cauitate
1225 986 1309 1042 sua
1347 987 1746 1058 ascendentem,
1781 1006 1940 1061 quam
1966 992 2022 1047 id
2051 993 2139 1049 fiat
2159 994 2229 1050 ab

560 1075 844 1131 exsiccato,

795 1161 834 1217 6
855 1160 909 1218 Si
931 1163 1237 1218 canaliculus
1255 1161 1400 1234 digito
1425 1161 1639 1233 superne
1652 1171 1859 1233 tegatur
1878 1180 1996 1223 ante
2010 1169 2081 1223 im
2091 1185 2230 1225 mer-

572 1250 776 1306 sionem
819 1285 834 1314 ,
890 1268 1000 1304 non
1029 1249 1299 1304 ascendere
1335 1266 1524 1318 aquam
1555 1269 1566 1302 ε
1608 1263 1825 1301 remoto
1862 1266 2038 1309 autem
2061 1255 2233 1329 digito

573 1338 754 1391 statim
788 1335 1088 1395 ascendere,
1130 1336 1293 1386 etiam
1318 1335 1435 1404 post
1465 1333 1869 1390 immersionem.

794 1420 1006 1490 7.Dum
1032 1421 1185 1474 intra
1201 1418 1437 1474 tubulum
1457 1419 1705 1474 laxiorem
1727 1438 1850 1491 aqua
1865 1423 2080 1494 plenum
2094 1444 2234 1482 mer..

576 1522 726 1583 gatur
754 1506 1039 1579 angustior,
1080 1506 1358 1573 accidere,
1394 1521 1451 1560 vt
1478 1523 1609 1560 nunc
1629 1505 1765 1560 intra
1790 1508 2069 1575 laxiorem,
2088 1527 2230 1565 nunc

566 1597 698 1650 intra
730 1597 1082 1667 angustiorem
1119 1594 1268 1648 altius
1295 1592 1527 1646 eleuetur
1546 1608 1701 1664 aqua,
1744 1606 1904 1662 prout
1930 1592 2033 1644 scil.
2059 1594 2231 1649 maior

567 1685 817 1738 minorue
840 1684 898 1739 sit
924 1683 1116 1738 cauitas
1136 1680 1361 1736 laxioris
1383 1679 1615 1749 residua,
1650 1694 1805 1749 quam
1830 1678 2030 1734 cauitas
2050 1680 2227 1734 mino-

557 1770 645 1826 εἰς.
675 1788 723 1825 v.
751 1771 840 1845 fig.
867 1786 922 1828 2.

715 1859 791 1916 V.
881 1859 982 1915 Ista
1005 1858 1161 1929 igitur
1193 1857 1517 1934 generaliora
1542 1855 1653 1912 sunt
1676 1857 1980 1914 tubuiorum
2007 1856 2219 1929 capilla-

558 1942 695 1999 rium
720 1945 1082 2015 phaenomena
1124 1984 1139 2013 ,
1198 1964 1333 2019 quae
1365 1963 1434 2000 ex
1465 1942 1742 2000 Honorato
1768 1941 1936 2001 Fabri
1975 1940 2229 2001 Sturmius

562 2032 855 2102 excerpsit,
946 2030 1168 2085 Addam
1205 2034 1416 2085 subinde
1449 2033 1595 2101 plura
1619 2070 1633 2097 ‚
1668 2033 1861 2100 partim
1898 2040 2118 2098 accepta
2157 2025 2225 2080 ab

566 2116 677 2170 aliis
717 2159 731 2186 ‚
778 2117 973 2188 partim
1010 2120 1214 2171 nouiter
1235 2117 1562 2186 excogitata,
1651 2112 1757 2170 Sed
1794 2116 2111 2168 intertexam
2138 2111 2228 2168 illa

567 2204 983 2276 explicationum
1015 2204 1301 2273 vulgarium
1327 2199 1586 2267 examini,
1629 2212 1686 2253 vt
1710 2200 1961 2254 varietate
1974 2199 2227 2253 dicendo-

561 2304 675 2344 rum
693 2290 792 2345 filli
812 2292 984 2362 potius
1002 2289 1263 2346 lestorum
1290 2286 1595 2360 patientiam
1604 2303 1780 2356 ,quam
1798 2284 2007 2359 fatigari
2019 2286 2225 2340 contin-

562 2377 806 2441 g21t.Sunt
823 2394 954 2433 vero
967 2386 1079 2430 tres
1096 2376 1272 2446 explic
1281 2376 1520 2430 ationum
1542 2369 2221 2447 claffespraecipuae.Prima

565 2459 727 2516 fliido
758 2463 1022 2533 prementi
1042 2476 1265 2516 externo
1292 2462 1515 2530 imputat
1535 2458 1692 2514 hosce
1723 2455 1952 2514 effestus.
2036 2456 2224 2513 Secun-

559 2547 624 2603 da
656 2549 1019 2603 adhaesionem
1045 2564 1201 2620 aquae
1236 2547 1302 2601 ad
1338 2546 1461 2599 vitri
1484 2545 1645 2600 latera
1676 2543 1938 2600 caussatur.
2026 2539 2225 2600 Tertia

562 2636 763 2690 accusat
789 2636 908 2689 vitri
936 2648 987 2687 et
1013 2650 1174 2704 aquae
1202 2646 1406 2686 mutuas
1437 2630 1500 2684 ad
1527 2633 1575 2684 ie
1596 2633 1825 2686 inuicem
1864 2632 2222 2694 attraffiones,

566 2719 809 2797 Singulae
827 2724 882 2778 in
905 2737 1088 2776 ramos
1127 2719 1356 2788 abeunt,
1392 2717 1479 2772 sed
1514 2718 1644 2774 nolo
1674 2719 1852 2775 omnia
1879 2719 2122 2775 minutim
2149 2717 2225 2773 se-

2089 2822 2221 2862 care:
