2393 3590
730 109 1354 172 CAPILLARIBVS.
1672 157 1681 161 -
1722 124 1846 196 245

207 278 454 341 annulare
485 287 595 327 non
636 268 858 324 succedit
896 285 1025 340 aqua
1052 312 1067 338 ‚
1101 284 1219 324 cum
1240 266 1452 325 tubulus
1483 266 1739 338 mergitur
1767 268 1849 324 di-

208 371 322 444 gito
341 352 662 418 obturatus?
701 354 795 411 Sin
817 373 1013 412 vacuus
1041 373 1147 410 non
1190 356 1261 410 est
1290 356 1357 410 ab
1391 374 1538 411 aere:
1570 368 1784 429 premet
1805 371 1863 411 v-

205 457 343 527 tique
375 467 463 506 aer
503 462 611 498 non
637 441 804 496 solum
830 459 932 515 pro
958 442 1065 498 basi
1094 443 1334 515 suprema
1357 453 1421 516 op
1451 485 1465 511 ‚
1522 442 1610 499 sed
1631 458 1734 514 pro
1756 460 1816 499 ea
1844 485 1860 513 ,

206 557 368 616 quam
401 532 621 589 obtinet'
642 546 728 582 aer
751 545 912 600 aquae
938 533 1251 604 proxim1153
1279 531 1366 586 vel
1398 548 1527 603 quae
1579 532 1716 585 ratio
1757 530 1854 598 est,

207 628 367 684 curin
391 617 578 676 vicinia
602 632 758 686 aquae
783 633 893 671 non
921 629 1089 672 totam
1109 632 1377 690 occupent
1397 618 1509 672 tubi
1533 616 1867 672 Iatitudinem

209 710 407 791 globuli
425 703 587 770 aerei,
611 718 732 757 cum
759 718 965 758 certum
987 703 1078 774 fit⁷
1111 706 1331 761 fluidum
1358 705 1625 761 elasticum
1649 718 1867 760 etcom-

209 795 437 877 preffum
461 790 880 845 accommodare
906 790 956 845 se
980 789 1176 862 spati0‚
1209 794 1289 847 cui
1312 792 1626 861 includitur,
1682 809 1868 849 eame-

213 887 404 950 rhodo,
438 888 497 933 vt
517 877 815 930 maximum
833 912 852 944 ‚
899 878 1043 948 quod
1066 880 1264 949 potest,
1294 877 1515 952 spatium
1538 893 1784 953 occupem

342 989 473 1050 XV.
559 983 699 1060 Quid
728 987 763 1043 fi
783 987 934 1043 tubus
961 985 1268 1058 assumatur,
1312 994 1456 1047 cuius
1488 995 1694 1049 interna
1718 993 1858 1050 caui-

215 1097 284 1140 tas
303 1078 481 1143 stmfim
505 1074 788 1149 sensimque
819 1074 1063 1129 minuitur
1092 1093 1108 1147 3
1148 1089 1203 1129 et
1230 1094 1353 1145 pars
1376 1082 1602 1149 amplior
1628 1093 1775 1136 extra
1802 1098 1859 1136 a-

208 1184 354 1240 quam
401 1164 698 1219 collocetur
734 1197 751 1229 ‚
795 1161 959 1216 mersa
999 1162 1299 1217 strictiore:
1342 1181 1516 1218 annon
1539 1183 1625 1219 ner
1650 1167 1871 1238 superne

203 1255 407 1309 intrans
426 1269 535 1323 ope
554 1250 838 1308 sectionum
864 1248 1136 1304 succeffiue
1171 1251 1439 1304 minorum
1474 1253 1548 1305 ita
1578 1252 1678 1306 sese
1702 1254 1865 1324 spatio

201 1339 414 1394 interno
447 1335 889 1394 accommodabit
912 1378 930 1406 ‚
982 1351 1042 1390 vt
1064 1348 1239 1391 totam
1261 1335 1436 1392 tubuli
1461 1341 1867 1411 amplitudinem

197 1427 398 1498 repleat
422 1466 438 1492 ‚
468 1441 578 1478 non
613 1423 801 1479 relic‘to
827 1422 1088 1478 eiusmodi
1115 1440 1284 1479 vacuo
1312 1467 1331 1496 ,f
1353 1424 1437 1480 cui
1463 1426 1707 1501 integrae
1729 1444 1863 1500 pos-

198 1511 307 1566 sent
339 1511 628 1583 particulae
659 1507 811 1565 inseri
840 1527 1028 1566 aereae
1064 1506 1089 1565 ζ’
1119 1509 1298 1566 ίΞιΙῑεΠῑ
1333 1525 1537 1568 certum
1565 1517 1638 1570 est
1659 1553 1674 1582 ‚
1720 1515 1869 1587 quod

200 1599 384 1655 hocin
417 1596 533 1652 casu
562 1597 667 1651 dici
715 1614 826 1651 non
859 1598 1020 1669 poffit·
1041 1641 1054 1667 ,
1088 1599 1337 1670 impediri
1378 1618 1558 1656 aerem
1596 1603 1662 1657 ab
1686 1603 1874 1677 orificiz'

187 1684 415 1764 supremi
452 1684 877 1741 circumferentia
914 1700 1013 1741 :et
1047 1687 1278 1743 eleuatur
1311 1701 1496 1743 tamen
1541 1705 1671 1762 aqua
1716 1689 1871 1765 supra

198 1771 442 1829 libellam,
525 1772 686 1839 Vidi,

445 1874 537 1938 14,
571 1858 685 1915 Siue
712 1859 942 1932 amplior·
959 1878 1088 1934 pars
1114 1875 1421 1936 mergatur,
1481 1861 1586 1917 flue
1609 1863 1832 1919 strictior
1853 1906 1870 1933 ‚
1901 1861 2169 1924 Phaenica}-

197 1946 397 2019 semper
422 1948 614 2004 eleuari
648 1963 835 2019 aquam
863 1985 879 2016 ‚
917 1963 1169 2019 quantum
1192 1951 1441 2003 conuenit
1462 1949 1538 2004 illi
1563 1949 1776 2004 sectioni
1802 1951 1867 2006 fi-

199 2036 355 2090 stulae
380 2079 392 2105 ,
417 2053 572 2109 quam
590 2033 831 2106 suprema
852 2036 1061 2109 attingit
1083 2054 1216 2108 aqua
1245 2055 1259 2108 3
1297 2037 1434 2091 vnde
1458 2054 1559 2108 pro
1574 2038 1869 2093 immerfio-

195 2123 269 2177 nis
290 2122 648 2196 profunditate
663 2124 801 2195 plus,
826 2125 1021 2194 mium,
1055 2124 1139 2178 vel
1172 2125 1450 2196 aequaliter
1470 2124 1706 2179 eleuatur
1730 2127 1859 2181 emi-

196 2225 350 2265 nente
371 2225 527 2265 extra
551 2227 739 2283 aquam
768 2225 921 2282 parte
950 2211 1061 2268 tubi
1083 2211 1387 2284 ampliore,
1429 2225 1512 2266 aut
1536 2214 1812 2267 strictiore.

329 2296 601 2354 Conuenit
619 2299 671 2352 id
696 2296 1094 2369 hydrostaticae
1121 2336 1136 2365 ‚
1172 2299 1226 2353 vi
1261 2301 1402 2353 cuius
1436 2317 1601 2370 neque
1626 2300 1865 2370 amplior

198 2382 247 2437 in
270 2382 502 2440 tubulum
530 2385 788 2459 ingressus
807 2401 989 2457 nocet,
1022 2404 1189 2458 neque
1210 2386 1436 2440 strictior
1460 2387 1595 2442 iuuat
1616 2387 1867 2442 eleuatio-

200 2486 322 2525 nem
353 2509 366 2540 ‚
413 2470 497 2527 sed
529 2487 640 2528 tota
672 2491 757 2528 res
797 2475 929 2528 redit
967 2475 1029 2528 ad
1061 2474 1201 2528 basin
1228 2475 1356 2527 aeris
1384 2475 1699 2544 prementis:
1721 2470 1864 2530 Non

204 2555 256 2611 id
273 2575 398 2613 vero
426 2563 671 2616 conuenit
699 2561 1050 2634 explicationi
1073 2581 1099 2617 a
1126 2560 1374 2634 supremo
1413 2561 1615 2617 fistulae
1644 2564 1865 2617 orificio

206 2640 515 2718 desumtae,s1
538 2650 603 2704 ad
618 2651 842 2705 litteram
858 2650 1164 2717 intelligatur
1185 2669 1199 2723 3
1217 2666 1357 2705 mox
1381 2652 1524 2705 enim
1549 2649 1868 2715 videbimuS‚

984 2735 1042 2795 H
1054 2737 1090 2792 h
1141 2753 1173 2813 3
1745 2739 1868 2813 quid
