2393 3590
482 67 618 158 ’.μω
985 56 1101 124 me
1146 51 1653 124 &Maisan-s„

491 223 634 301 nius)
681 220 944 298 armisque
989 220 1055 277 ad
1097 218 1342 278 Maeotin
1377 214 1680 286 progressos
1728 227 1925 271 nomen
1959 208 2152 272 dedisse

494 314 802 373 Cimmerio
827 309 1077 381 Bosporo
1093 306 1258 377 ,quasi
1281 300 1563 358 Cimbrico
1590 316 1600 351 ε
1625 299 1789 355 Boios
1816 299 2151 373 Hercyniam

493 401 694 472 syluam
724 399 1014 453 incolentes
1050 435 1064 461 ‚
1109 407 1230 445 cum
1267 384 1482 442 Cimbri
1513 384 1577 438 ad
1611 381 1659 438 se
1694 402 1901 456 quoque
1926 390 1978 443 in
1996 389 2154 444 armis

495 488 745 541 venirent
791 503 817 537 a
858 478 1135 538 Maeotide
1164 519 1178 546 ,
1210 477 1248 531 fi
1277 474 1369 528 diis
1391 473 1566 543 placet
1590 512 1604 539 7
1661 470 1878 544 regreffi
1905 507 1921 539 ‚
1969 492 2154 530 manus

499 570 803 627 conseruisse
821 564 1175 634 Cimbrosque
1197 561 1340 617 illata
1366 560 1517 614 clade
1546 557 1612 611 ad
1653 556 1943 613 Tauriscos
1971 556 2156 617 Gallos

501 673 554 715 et
574 656 852 715 Heluetios
878 647 1184 724 compuliffe
1215 691 1230 717 ‚
1264 647 1406 704 vnde
1444 646 1495 699 in
1534 643 1732 701 Italiam
1767 645 2161 718 impreffionem

500 747 748 803 fecerint,
842 739 997 798 Hanc
1033 752 1143 791 non
1163 732 1574 808 improbabilem
1609 732 1962 788 coniecturam
1995 747 2161 790 vocat

506 829 734 898 StrabO,
770 844 894 881 cum
918 827 971 881 in
996 843 1056 880 ea
1081 820 1300 878 absurda
1326 821 1433 878 sunt
1460 819 1666 886 omnia,
1713 832 1887 890 gentes
1912 826 2099 893 resque
2112 832 2163 878 et

501 916 666 973 secula
703 916 840 969 inter
876 911 923 966 se
962 909 1195 970 confusa.
1291 906 1555 966 Cimbros
1589 905 1715 959 dicit
1739 906 1804 961 ab
1829 904 2160 980 septemtrio-

502 1005 610 1058 nali
647 1017 854 1059 oceano
894 999 961 1054 ad
1001 997 1241 1055 Maeotin
1273 996 1520 1070 paludem
1554 990 1829 1065 profestos
1853 1011 2051 1050 nomen
2076 995 2165 1051 de-

503 1090 629 1146 diffe
663 1087 966 1146 Cimmerio
1003 1084 1272 1156 Bosporo,
1361 1080 1578 1137 Cimbri
1612 1092 1735 1133 ante
1761 1077 1866 1138 Cn.
1888 1080 2167 1153 Papirium

506 1170 822 1231 Carbonem
866 1171 982 1229 Cos
1021 1184 1074 1224 et
1114 1166 1196 1224 A„
1223 1160 1390 1226 V.C,
1429 1167 1684 1220 locxxxx.
1721 1165 1945 1236 proferiti
1965 1168 2074 1224 sunt
2100 1170 2184 1224 ab

506 1263 735 1323 Rheno:
781 1259 1133 1314 Cimmerium
1176 1267 1354 1309 autem
1385 1253 1517 1307 vrbs
1545 1252 1647 1305 iam
1686 1253 1829 1306 annis
1863 1266 2075 1317 centum
2112 1267 2166 1311 et

506 1351 733 1420 amplius
772 1358 888 1400 ante
925 1343 1120 1398 vrbem
1149 1343 1419 1396 conditam
1439 1339 1693 1397 Homero
1718 1350 1848 1393 nota
1875 1338 1990 1396 fuit.
2086 1339 2174 1397 At

503 1438 571 1491 de
601 1437 688 1491 ina
715 1431 1000 1504 superioris
1037 1429 1157 1483 aeui
1197 1427 1515 1501 migratione
1542 1417 1857 1494 Cimbrica,
1901 1444 2000 1494 qua
2024 1425 2173 1484 Cim..

503 1524 658 1579 merii
683 1519 869 1576 suntad
896 1512 1132 1573 Pontum
1159 1528 1210 1569 et
1230 1515 1531 1586 Bosporum
1557 1526 1831 1582 tamquam
1853 1528 1947 1566 ver
1971 1513 2175 1572 sacrum

504 1611 555 1667 in
582 1609 849 1665 coloniam
877 1603 1131 1672 miffi‚nifi
1157 1599 1311 1657 fallor
1336 1642 1351 1669 ,
1390 1599 1623 1671 loqueris
1648 1582 1685 1651 ὦ
1708 1592 1951 1671 δαιμόνιε
1977 1620 1995 1670 ·,

666 1690 784 1774 Quo
808 1702 999 1747 teneam
1023 1689 1200 1745 vultus
1227 1695 1508 1742 mutantem
1538 1681 1724 1738 Protea
1746 1684 1866 1739 nodo
1895 1680 1919 1738 ἓ

509 1779 682 1855 Quem
720 1797 856 1835 vero
880 1780 1143 1834 auctorem
1176 1775 1337 1831 habes
1362 1772 1620 1828 Pofidoni
1647 1766 1668 1823 ,ἲ
1702 1768 1926 1843 Nempe
1959 1790 2176 1848 aegram

510 1872 616 1926 sine
640 1870 833 1924 somno
864 1866 1094 1920 nostem.
1203 1861 1428 1934 Scythas
1452 1859 1709 1933 pepulere
1732 1856 1967 1929 Cimbri,
2004 1875 2063 1917 vt
2089 1864 2171 1917 vi-

510 1957 625 2011 sum
656 1957 724 2010 est
746 1952 1054 2011 Posidonio,
1142 1951 1286 2006 Male
1321 1949 1383 2003 fit
1422 1950 1489 2003 illi
1525 1944 1971 2003 Halicarnassensi
2017 1990 2033 2017 ‚
2089 1950 2179 2020 qui

514 2040 853 2100 Cimmerios
877 2057 906 2092 a
948 2035 1157 2109 Scythis
1192 2034 1571 2091 exterminatos
1589 2030 1807 2089 tradidit,
1897 2031 2181 2091 Nimirum

515 2128 721 2185 seduxit
739 2124 1087 2181 Posidonium
1112 2122 1504 2196 grammaticus,
1589 2117 1773 2173 Exstat
1792 2119 2040 2175 indicium
2075 2123 2184 2178 eius

521 2217 602 2270 rei
638 2218 691 2270 in
727 2212 1021 2268 minoribus
1047 2210 1276 2269 Homeri
1307 2206 1518 2263 scholiis
1540 2245 1555 2272 ,
1610 2204 1700 2257 vbi
1731 2205 1916 2278 aliquis
1942 2220 2181 2265 veterum

521 2292 751 2374 (8)z‘›m²
783 2297 1096 2374 Ktptptegioev
1141 2289 1385 2359 Σκύθας
1411 2286 1769 2366 ἐξελασθῆναί
1811 2310 1846 2348 a
1895 2289 2184 2351 Cimmeriis

525 2384 755 2458 Scythas
787 2384 874 2458 effe
894 2382 1055 2458 pulsos
1087 2383 1250 2440 asserit
1276 2393 1330 2435 et
1360 2392 1539 2435 tamen
1563 2377 1906 2438 Herodotum
1949 2382 2076 2437 citat
2110 2394 2184 2438 te-

528 2473 685 2532 stem.

2101 2550 2186 2614 En

693 2726 767 2788 (8)
813 2723 866 2789 ad
889 2721 988 2775 Od.
1011 2730 1068 2769 A.
1094 2739 1137 2769 v.
1167 2737 1233 2781 15.
