2393 3590
660 214 779 276 DE
845 212 1350 283 CIMMERHS.
1744 243 1868 310 425

215 379 447 438 cendium
472 374 521 430 se
545 368 914 447 praecipitasse
937 384 990 426 et
1010 372 1229 429 obuiam
1262 370 1549 430 occurrifl‘e
1574 380 1862 448 perduelli-

214 468 339 532 bu5‚
383 464 508 518 dum
543 462 748 518 Tanain
780 473 832 513 et
869 459 1107 516 infestum
1142 459 1412 533 Scythicis
1437 506 1452 532 ,
1493 481 1621 531 quae
1649 467 1870 537 perhor-

202 549 500 617 testebant,
524 553 683 604 armis
712 547 967 602 orientem
1003 561 1185 620 petunt
1203 591 1216 618 ‚
1256 551 1707 622 quioccidentem
1731 568 1784 608 et
1810 572 1872 609 a-

205 636 376 693 uersas
402 656 429 694 a
455 637 915 692 discriminetanto
936 638 1238 698 prouincias
1261 637 1737 710 fibivipatefiicere
1750 655 1873 713 pot-

202 738 375 786 erant,
464 724 643 793 Itaque
670 721 794 776 mihi
828 720 1099 778 Herodoti
1123 723 1290 779 verba
1316 727 1498 779 omnia
1535 729 1869 800 perpenden-

202 813 237 866 ti
262 811 349 865 vel
369 810 596 867 maxime
621 807 906 880 probabile
937 812 1148 865 videtur
1182 852 1196 878 ,
1261 809 1590 868 Cimmerios
1620 856 1634 883 ‚
1677 818 1763 886 qui
1800 815 1866 870 ad

197 897 396 954 Tiram
421 895 820 961 confluxerant,
858 899 1190 952 occidentem
1221 912 1275 953 et
1313 899 1738 972 septemtrionem
1763 919 1856 973 pe-

199 986 349 1050 tiisse,
387 983 516 1037 alios
556 999 586 1034 e
624 982 758 1037 locis
793 981 970 1037 Tanai
992 975 1382 1056 vicinioribuffi
1423 985 1645 1042 salutem
1672 990 1863 1061 quaesi·

197 1071 319 1126 uisse
342 1070 388 1122 in
415 1066 700 1124 Caucaseis
722 1066 933 1121 saltibus
956 1081 1010 1121 et
1035 1065 1186 1126 Asia.

332 1154 411 1210 Ita
453 1156 559 1209 iam
597 1153 832 1209 nonnulli
865 1165 982 1208 ante
1024 1168 1123 1206 nos
1146 1152 1345 1211 sensere
1370 1159 1507 1229 apud
1525 1157 1859 1218 Plutarchum

188 1242 237 1295 in
262 1241 452 1298 Mario,
535 1239 622 1319 (4)
657 1239 939 1298 Cimbrine
974 1241 1140 1313 igitur
1169 1258 1197 1296 a
1227 1238 1539 1299 Cimmeriis
1566 1248 1679 1304 sunt
1715 1247 1859 1304 orti?

186 1326 432 1402 Nempe,
449 1328 970 1385 fiaudimusturbam
992 1345 1243 1401 magnam
1267 1329 1627 1404 eruditorum,
1650 1351 1736 1388 res
1749 1353 1862 1390 ma-

186 1417 368 1473 nifesta
401 1417 494 1476 est.
582 1417 710 1488 Ego
748 1434 919 1487 neque
941 1417 1209 1470 excedere
1233 1418 1371 1488 quasi
1396 1417 1593 1475 finibus
1619 1422 1753 1475 meis
1787 1435 1859 1476 at-

185 1519 288 1575 que
313 1502 633 1558 Cimmerios
654 1502 893 1574 persequi
933 1503 1094 1575 cupio
1125 1539 1139 1570 ‚
1176 1521 1345 1576 neque
1378 1506 1676 1563 admodum
1704 1525 1857 1565 curae

185 1590 437 1662 cordique
469 1589 641 1643 habeo
673 1624 689 1655 ‚
734 1590 916 1661 quibus
951 1589 1016 1642 ab
1057 1589 1299 1663 stirpibus
1332 1589 1551 1649 Cimbri
1584 1595 1680 1651 sint
1714 1613 1846 1669 pro-

184 1678 340 1750 gnati.
421 1674 657 1741 Tamen‚
678 1680 934 1747 quoniam
971 1676 1099 1731 haec
1132 1679 1366 1748 quaestio
1393 1682 1446 1734 in
1472 1679 1853 1754 septemtrione

176 1766 418 1820 maxime
445 1765 661 1837 agitata,
697 1763 938 1821 infinitos
963 1780 1129 1834 paene
1156 1782 1366 1819 errores
1386 1768 1630 1837 exclusit,
1667 1769 1857 1839 quibus-

180 1849 547 1924 Scythicarum
570 1851 809 1919 gentium
832 1852 1223 1921 regionumque
1246 1852 1434 1909 harum
1464 1890 1478 1922 ‚
1526 1871 1747 1926 quarum
1771 1857 1853 1911 hi-

179 1938 392 1996 storiam
437 1938 762 1995 tractandam
794 1937 989 2008 suscepi
1019 1981 1032 2006 ‚
1065 1951 1275 1993 veteres
1312 1957 1400 1995 res
1438 1945 1848 2013 propemodum

179 2026 288 2081 sunt
323 2027 597 2101 oppressae
628 2060 644 2093 ,
680 2026 787 2098 ipsa
813 2043 901 2081 me
926 2025 1199 2080 necessitas
1242 2043 1402 2082 manu
1441 2028 1586 2082 ducit
1624 2029 1676 2082 in
1711 2030 1848 2085 hanc

175 2112 602 2184 disputationem,
638 2129 666 2166 a
692 2130 788 2185 qua
811 2113 1070 2167 abstinere
1103 2114 1352 2185 aequiore
1381 2115 1493 2171 iure
1531 2116 1844 2178 maluissem.

177 2194 343 2272 Hugo
368 2196 714 2271 Grotiu3,qui
733 2194 798 2255 ad
821 2200 1031 2255 illarum
1057 2202 1377 2272 opinionum
1405 2245 1420 2272 ,
1450 2220 1583 2275 quae
1608 2206 1789 2276 postea
1815 2222 1845 2260 a

174 2281 773 2358 Stirnhielm0‚Vereli0‚
799 2287 1121 2360 Rudbequio
1142 2288 1255 2344 sunt
1281 2290 1496 2345 educstae
1513 2327 1525 2357 ‚
1544 2289 1842 2362 sementim,

173 2372 256 2427 sul
281 2376 535 2445 quaedam
559 2372 752 2430 semina
778 2375 1032 2445 contulit,
1068 2393 1180 2430 non
1207 2379 1377 2447 potuit
1400 2396 1427 2432 a
1451 2375 1501 2431 se
1530 2377 1839 2449 impetrare,

173 2473 230 2513 vt
263 2477 381 2516 cum
410 2456 719 2535 Cimmeriis
752 2460 1102 2518 confunderet
1128 2461 1405 2520 Cimbros,
1488 2459 1638 2536 Qiae
1664 2480 1839 2521 autem

172 2548 312 2602 ratio
335 2547 675 2616 induxit‚non
698 2547 803 2606 hos
831 2551 1005 2606 dicam
1030 2551 1207 2620 insigni
1240 2551 1480 2607 doetrina
1510 2555 1654 2607 viros
1690 2588 1705 2620 ,
1751 2551 1841 2608 sed

168 2647 376 2690 veteres
400 2637 662 2708 quosdam
682 2640 834 2695 omni
858 2655 1052 2714 genere
1068 2640 1230 2694 laudis
1251 2639 1519 2716 illislonge
1539 2638 1840 2709 inferiores,

175 2715 319 2775 Tom.
331 2721 404 2782 II,
1010 2725 1067 2805 H
1080 2727 1115 2792 h
1130 2725 1167 2780 h
1772 2740 1832 2782 vt

308 2885 389 2947 (4)
452 2888 484 2936 f.
508 2904 618 2949 411.
