2393 3590
741 76 1351 143 CAPILLARIBVS.
1720 110 1847 175 249

195 244 384 305 ceffum
415 239 489 294 est
523 232 586 290 ad
623 233 1040 303 magnitudinem
1059 234 1258 292 referre
1289 239 1511 295 caussam
1540 239 1726 297 baseos
1749 246 1854 300 mi-

192 352 286 392 nus
310 328 514 400 plenae.
547 319 824 377 Conuenit
847 323 1011 378 etiam
1036 321 1159 379 huic
1186 323 1460 383 sententiae
1494 345 1616 385 cum
1656 330 1862 388 mensu-

191 439 249 478 ra
287 410 562 474 altitudinis
601 406 785 479 phaen.
837 423 931 489 14.
970 404 1016 477 55.
1061 423 1151 484 15.
1187 410 1411 485 sequitur
1440 417 1580 472 enim
1620 434 1784 489 aquae
1811 420 1865 473 in

194 502 408 564 diuersis
439 495 613 552 fistulis
642 492 869 551 eleuatae
901 499 1161 568 quantitas
1183 501 1598 572 proportionem
1625 505 1863 577 periphe-

194 597 300 652 riae
331 580 614 657 superioris
652 600 668 648 ·,
709 583 796 635 cui
841 599 1060 656 aequum
1084 587 1158 641 est
1195 592 1662 660 proportionalem
1711 592 1861 646 credi

195 673 552 737 exclusionem
581 665 930 739 globulorum
959 674 1505 732 aereo-aethereorum
1542 696 1569 732 a
1595 678 1849 750 periphe-

197 769 278 825 ria
301 754 591 818 oriundam.
679 751 946 812 Conuenit
984 775 1109 814 cum
1147 760 1532 834 phaenomenis
1559 770 1604 842 ᾗ.
1628 764 1853 841 superio-

203 872 261 912 re
285 841 552 907 enarratis:
599 836 861 897 Conuenit
883 845 1045 900 etiam
1074 865 1192 901 cum
1222 848 1352 903 aliis.

347 929 505 988 XIX.
595 921 795 982 Fateor
835 941 1052 998 tamen,
1096 934 1407 1007 indulgente
1437 935 1652 990 veniam
1692 938 1846 994 istam
1899 978 1901 980 -

204 1022 279 1083 CI.
299 1016 506 1074 Autore
522 1056 535 1082 ‚
562 1014 703 1085 quod
725 1015 779 1067 in
797 1014 1036 1070 nonnullis
1053 1017 1313 1074 haeream.
1408 1019 1653 1079 Fortaffe
1671 1025 1847 1080 minus

199 1104 400 1165 difficile
424 1103 491 1157 est
518 1117 802 1155 occurrere
830 1101 1084 1175 illi5‚quae
1110 1102 1177 1156 ad
1202 1102 1339 1157 hanc
1366 1109 1748 1176 expositionem
1775 1126 1848 1167 at-

192 1195 348 1250 tinent
358 1187 682 1264 specialiter.
729 1188 909 1260 Itaque
934 1186 1300 1264 quaestionibus
1320 1191 1407 1245 illa
1431 1197 1851 1267 comprehendO,

184 1296 292 1335 non
323 1275 732 1334 obiectionibua
832 1273 884 1330 Si
915 1277 1192 1348 particulis
1227 1279 1682 1335 aereo-aethereis
1719 1295 1861 1338 trans

182 1368 376 1422 vitrum
402 1364 567 1416 aditus
595 1374 772 1434 patet,
815 1377 910 1415 cur
942 1362 1171 1436 spatium
1197 1363 1293 1418 sese
1318 1382 1541 1422 vacuum
1564 1366 1860 1440 relinquunt

182 1453 235 1507 in
261 1449 383 1505 vitri
409 1447 602 1502 vicinia
621 1489 635 1516 ‚
661 1459 713 1500 et
730 1447 892 1502 maius
917 1451 1127 1521 quidem
1145 1493 1158 1519 ,
1195 1467 1356 1523 quam
1378 1471 1507 1526 aqua
1534 1466 1623 1508 aut
1649 1473 1856 1513 mercu-

182 1532 325 1593 rius?
372 1529 470 1589 An
491 1533 623 1588 aeris
643 1533 901 1589 crassioris
924 1537 1058 1592 nulla
1081 1537 1237 1608 plane
1259 1557 1427 1612 opera
1454 1542 1664 1597 accedit
1687 1546 1738 1598 in
1752 1545 1848 1600 hac

180 1621 446 1696 hypothesi
472 1616 494 1673 ἓ
525 1616 726 1675 Saltem
754 1622 807 1674 in
829 1626 1208 1696 experimentis
1238 1627 1379 1683 nulla
1419 1628 1844 1700 deprehenditur,

185 1713 257 1767 ob
280 1711 495 1766 eandem
526 1709 672 1763 fluidi
695 1710 749 1762 in
776 1726 947 1763 vacuo
971 1726 1020 1765 et
1044 1715 1097 1765 in
1129 1729 1249 1767 aere
1266 1715 1628 1770 eleuationem.
1700 1717 1843 1774 Cum

130 1850 134 1852 .
183 1801 237 1854 in
277 1798 405 1854 tubo
429 1797 739 1852 humectato
767 1813 856 1851 aer
882 1811 967 1852 aut
1012 1798 1189 1855 aether
1215 1800 1356 1855 vitro
1406 1803 1692 1873 proximus
1731 1821 1844 1860 me-

183 1887 351 1941 diante
378 1883 464 1938 illa
491 1884 667 1938 crusta
693 1901 855 1955 aquea
880 1885 1132 1941 lateribus
1149 1885 1276 1940 vitri
1294 1886 1617 1943 adhaerente
1642 1889 1847 1945 autfor-

182 1977 301 2043 tius,
328 1985 411 2029 aut
434 1970 620 2027 saltem
648 1971 925 2043 aequaliter
948 1989 1193 2043 premere
1220 1972 1458 2030 deorsum
1481 1975 1671 2048 possit,
1715 1995 1775 2031 ac
1802 1977 1854 2031 in

179 2061 318 2115 ficco
345 2104 359 2130 ,
405 2074 495 2113 cur
521 2059 669 2113 altius
691 2057 929 2114 euehitur
955 2077 1082 2131 aqua
1113 2060 1166 2113 in
1190 2058 1414 2117 humido
1437 2104 1450 2130 ‚
1500 2080 1661 2134 quam
1687 2063 1738 2117 in
1752 2064 1858 2137 *sic-

180 2165 246 2202 co
280 2145 302 2203 ἓ
335 2144 446 2205 Cur
489 2146 630 2200 circa
656 2147 918 2202 extimam
944 2148 1053 2202 tubi
1078 2147 1424 2218 superficiem
1451 2167 1582 2220 aqua
1607 2151 1855 2205 ambiens

177 2252 283 2290 non
318 2234 563 2306 assurgit,
607 2249 728 2287 cum
757 2234 919 2289 siccus
949 2235 1017 2289 est
1044 2253 1058 2305 3
1094 2235 1372 2306 eleuanda‚
1419 2235 1455 2289 fi
1480 2235 1723 2292 madidus
1745 2235 1854 2292 fiie-

181 2319 288 2377 rit?
321 2320 371 2377 Si
393 2321 578 2376 eadem
604 2320 675 2374 est
701 2320 810 2376 sors
825 2321 1074 2377 mercurii
1099 2335 1149 2376 et
1165 2335 1475 2377 ceterorum
1508 2339 1718 2395 quoque
1733 2324 1849 2379 flui-

182 2411 366 2466 dorum
410 2451 424 2477 ,
484 2424 576 2461 cur
612 2410 836 2479 aquaein
861 2409 1044 2464 tubulo
1077 2407 1341 2482 suspensae
1369 2410 1595 2464 altitudo
1626 2410 1845 2483 sequitur

181 2498 589 2568 proportionem
613 2496 945 2567 peripheriae
968 2496 1246 2567 superioris
1261 2534 1277 2565 ‚
1303 2510 1357 2552 et
1382 2496 1606 2553 altitudo
1626 2515 1835 2554 mercu-

181 2584 248 2635 rii
271 2585 677 2656 proportionem
705 2583 965 2639 inferioris
981 2579 1003 2637 ἲ
1017 2582 1310 2641 Nimirum:

417 2686 510 2729 ΩΟ.
557 2669 616 2729 Si
673 2670 825 2744 tubus
864 2672 1204 2744 inaequaliter
1235 2671 1441 2744 amplus
1474 2685 1742 2743 mergatur
1789 2674 1841 2727 iu
1871 2659 1912 2717 Ρ
1911 2662 2127 2720 hamat>

190 2747 333 2814 Tom.
360 2753 430 2817 Π..
1018 2757 1046 2812 1
1070 2759 1088 2812 i
1653 2776 1841 2831 aquam
