<?xml version="1.0" encoding="UTF-8"?>
<!DOCTYPE html PUBLIC "-//W3C//DTD XHTML 1.0 Transitional//EN"
    "http://www.w3.org/TR/xhtml1/DTD/xhtml1-transitional.dtd">
<html xmlns="http://www.w3.org/1999/xhtml" xml:lang="en" lang="en">
 <head>
  <title>
</title>
<meta http-equiv="Content-Type" content="text/html;charset=utf-8" />
  <meta name='ocr-system' content='tesseract 3.04.00' />
  <meta name='ocr-capabilities' content='ocr_page ocr_carea ocr_par ocr_line ocrx_word'/>
</head>
<body>
  <div class='ocr_page' id='page_1' title='image "./commentariiacade02impe_0420.png"; bbox 0 0 2393 3590; ppageno 0'>
   <div class='ocr_carea' id='block_1_1' title="bbox 582 79 1781 178">
    <p class='ocr_par' dir='ltr' id='par_1_1' title="bbox 582 79 1781 178">
     <span class='ocr_line' id='line_1_1' title="bbox 582 79 1781 178; baseline -0.013 -21"><span class='ocrx_word' id='word_1_1' title='bbox 582 91 709 178; x_wconf 71' lang='lat'>408</span> <span class='ocrx_word' id='word_1_2' title='bbox 1032 86 1146 149; x_wconf 83' lang='lat' dir='ltr'>DE</span> <span class='ocrx_word' id='word_1_3' title='bbox 1177 79 1781 148; x_wconf 68' lang='lat' dir='ltr'>chrromssvs</span> 
     </span>
    </p>
   </div>
   <div class='ocr_carea' id='block_1_2' title="bbox 580 237 2262 1445">
    <p class='ocr_par' dir='ltr' id='par_1_2' title="bbox 580 237 2253 595">
     <span class='ocr_line' id='line_1_2' title="bbox 580 237 2244 348; baseline 0.001 -48"><span class='ocrx_word' id='word_1_4' title='bbox 580 241 1220 348; x_wconf 45' lang='lat' dir='ltr'>xz-Vffssffszvss‘ffi</span> <span class='ocrx_word' id='word_1_5' title='bbox 1232 237 1581 322; x_wconf 47' lang='grc' dir='ltr'>ΞΞ-ι-’β-Γῖς.</span> <span class='ocrx_word' id='word_1_6' title='bbox 1668 237 1836 297; x_wconf 84' lang='lat' dir='ltr'>Vnde</span> <span class='ocrx_word' id='word_1_7' title='bbox 1863 239 1923 297; x_wconf 91' lang='lat' dir='ltr'>fit</span> <span class='ocrx_word' id='word_1_8' title='bbox 1936 252 2244 327; x_wconf 61' lang='lat' dir='ltr'>mtx7-:202</span> 
     </span>
     <span class='ocr_line' id='line_1_3' title="bbox 587 337 2246 428; baseline 0.001 -29"><span class='ocrx_word' id='word_1_9' title='bbox 587 346 1192 428; x_wconf 45' lang='lat' dir='ltr'>{ffsffzl-{gz42378</span> <span class='ocrx_word' id='word_1_10' title='bbox 1223 369 1236 402; x_wconf 71' lang='grc' dir='ltr'>ι</span> <span class='ocrx_word' id='word_1_11' title='bbox 1282 356 1414 423; x_wconf 78' lang='lat'>140.</span> <span class='ocrx_word' id='word_1_12' title='bbox 1429 355 1588 398; x_wconf 74' lang='lat'>001:</span> <span class='ocrx_word' id='word_1_13' title='bbox 1605 337 1736 395; x_wconf 87' lang='lat' dir='ltr'>finus</span> <span class='ocrx_word' id='word_1_14' title='bbox 1763 353 1904 399; x_wconf 87' lang='lat' dir='ltr'>totus</span> <span class='ocrx_word' id='word_1_15' title='bbox 1936 359 2246 410; x_wconf 67' lang='lat'>100000:</span> 
     </span>
     <span class='ocr_line' id='line_1_4' title="bbox 587 425 2253 510; baseline -0.001 -17"><span class='ocrx_word' id='word_1_16' title='bbox 587 438 675 493; x_wconf 87' lang='lat' dir='ltr'>sm.</span> <span class='ocrx_word' id='word_1_17' title='bbox 712 436 1022 493; x_wconf 80' lang='lat' dir='ltr'>eleuationis</span> <span class='ocrx_word' id='word_1_18' title='bbox 1049 433 1313 505; x_wconf 68' lang='lat' dir='ltr'>quaesitae</span> <span class='ocrx_word' id='word_1_19' title='bbox 1345 425 1574 505; x_wconf 81' lang='lat'><em>33036‚</em></span> <span class='ocrx_word' id='word_1_20' title='bbox 1596 427 1741 483; x_wconf 84' lang='lat' dir='ltr'>cuiin</span> <span class='ocrx_word' id='word_1_21' title='bbox 1765 426 1949 486; x_wconf 89' lang='lat' dir='ltr'>tabulis</span> <span class='ocrx_word' id='word_1_22' title='bbox 1968 434 2253 510; x_wconf 83' lang='lat' dir='ltr'>respondet</span> 
     </span>
     <span class='ocr_line' id='line_1_5' title="bbox 588 515 1087 595; baseline -0.006 -17"><span class='ocrx_word' id='word_1_23' title='bbox 588 525 797 593; x_wconf 80' lang='lat' dir='ltr'>angulus</span> <span class='ocrx_word' id='word_1_24' title='bbox 835 515 954 595; x_wconf 82' lang='lat'>190</span> <span class='ocrx_word' id='word_1_25' title='bbox 984 518 1087 592; x_wconf 80' lang='lat'>17&#39;.</span> 
     </span>
    </p>

    <p class='ocr_par' dir='ltr' id='par_1_3' title="bbox 592 600 2262 1445">
     <span class='ocr_line' id='line_1_6' title="bbox 727 600 2254 679; baseline 0 -17"><span class='ocrx_word' id='word_1_26' title='bbox 727 609 836 668; x_wconf 80' lang='lat' dir='ltr'>XI,</span> <span class='ocrx_word' id='word_1_27' title='bbox 928 604 983 663; x_wconf 89' lang='lat' dir='ltr'>Si</span> <span class='ocrx_word' id='word_1_28' title='bbox 1031 603 1281 679; x_wconf 76' lang='lat' dir='ltr'>angulum</span> <span class='ocrx_word' id='word_1_29' title='bbox 1324 602 1599 674; x_wconf 82' lang='lat' dir='ltr'>hucusque</span> <span class='ocrx_word' id='word_1_30' title='bbox 1639 600 1958 659; x_wconf 77' lang='lat' dir='ltr'>mutauimus</span> <span class='ocrx_word' id='word_1_31' title='bbox 2002 620 2254 670; x_wconf 78' lang='lat' dir='ltr'>manente</span> 
     </span>
     <span class='ocr_line' id='line_1_7' title="bbox 592 689 2254 771; baseline -0.001 -19"><span class='ocrx_word' id='word_1_32' title='bbox 592 697 857 771; x_wconf 75' lang='lat' dir='ltr'>pondere,</span> <span class='ocrx_word' id='word_1_33' title='bbox 883 693 1057 768; x_wconf 89' lang='lat' dir='ltr'>potest</span> <span class='ocrx_word' id='word_1_34' title='bbox 1087 709 1221 748; x_wconf 85' lang='lat' dir='ltr'>nunc</span> <span class='ocrx_word' id='word_1_35' title='bbox 1238 691 1430 766; x_wconf 77' lang='lat' dir='ltr'>pondus</span> <span class='ocrx_word' id='word_1_36' title='bbox 1457 689 1651 746; x_wconf 79' lang='lat' dir='ltr'>mutari</span> <span class='ocrx_word' id='word_1_37' title='bbox 1672 705 1914 746; x_wconf 86' lang='lat' dir='ltr'>manente</span> <span class='ocrx_word' id='word_1_38' title='bbox 1936 693 2143 763; x_wconf 85' lang='lat' dir='ltr'>angulo.</span> <span class='ocrx_word' id='word_1_39' title='bbox 2193 696 2254 757; x_wconf 82' lang='lat' dir='ltr'>Si</span> 
     </span>
     <span class='ocr_line' id='line_1_8' title="bbox 593 777 2257 853; baseline 0.002 -15"><span class='ocrx_word' id='word_1_40' title='bbox 593 784 731 838; x_wconf 87' lang='lat' dir='ltr'>enim</span> <span class='ocrx_word' id='word_1_41' title='bbox 764 780 1036 839; x_wconf 61' lang='lat' dir='ltr'>fridriones</span> <span class='ocrx_word' id='word_1_42' title='bbox 1063 779 1173 835; x_wconf 91' lang='lat' dir='ltr'>sunt</span> <span class='ocrx_word' id='word_1_43' title='bbox 1207 778 1635 853; x_wconf 83' lang='lat' dir='ltr'>proportionales</span> <span class='ocrx_word' id='word_1_44' title='bbox 1659 777 2038 850; x_wconf 85' lang='lat' dir='ltr'>preffionibus:</span> <span class='ocrx_word' id='word_1_45' title='bbox 2094 781 2257 843; x_wconf 82' lang='lat' dir='ltr'>debet</span> 
     </span>
     <span class='ocr_line' id='line_1_9' title="bbox 593 865 2257 942; baseline -0.002 -17"><span class='ocrx_word' id='word_1_46' title='bbox 593 867 814 942; x_wconf 84' lang='lat' dir='ltr'>angulus</span> <span class='ocrx_word' id='word_1_47' title='bbox 878 867 1060 940; x_wconf 76' lang='lat' dir='ltr'>quietis</span> <span class='ocrx_word' id='word_1_48' title='bbox 1123 883 1344 923; x_wconf 83' lang='lat' dir='ltr'>manere</span> <span class='ocrx_word' id='word_1_49' title='bbox 1393 882 1525 920; x_wconf 85' lang='lat' dir='ltr'>vnus</span> <span class='ocrx_word' id='word_1_50' title='bbox 1586 865 1834 936; x_wconf 88' lang='lat' dir='ltr'>idemque</span> <span class='ocrx_word' id='word_1_51' title='bbox 1878 907 1894 935; x_wconf 86' lang='lat'>,</span> <span class='ocrx_word' id='word_1_52' title='bbox 1957 867 2132 940; x_wconf 85' lang='lat' dir='ltr'>polita</span> <span class='ocrx_word' id='word_1_53' title='bbox 2179 870 2257 927; x_wconf 83' lang='lat' dir='ltr'>su..</span> 
     </span>
     <span class='ocr_line' id='line_1_10' title="bbox 592 950 2257 1030; baseline -0.002 -20"><span class='ocrx_word' id='word_1_54' title='bbox 592 955 814 1030; x_wconf 86' lang='lat' dir='ltr'>perficie</span> <span class='ocrx_word' id='word_1_55' title='bbox 873 955 1061 1010; x_wconf 80' lang='lat' dir='ltr'>eadem</span> <span class='ocrx_word' id='word_1_56' title='bbox 1121 966 1176 1008; x_wconf 86' lang='lat' dir='ltr'>et</span> <span class='ocrx_word' id='word_1_57' title='bbox 1236 954 1392 1009; x_wconf 65' lang='lat' dir='ltr'>austo</span> <span class='ocrx_word' id='word_1_58' title='bbox 1450 953 1694 1023; x_wconf 87' lang='lat' dir='ltr'>pondere</span> <span class='ocrx_word' id='word_1_59' title='bbox 1766 950 2023 1010; x_wconf 81' lang='lat' dir='ltr'>absoluto,</span> <span class='ocrx_word' id='word_1_60' title='bbox 2141 957 2257 1016; x_wconf 72' lang='lat' dir='ltr'>Ma.</span> 
     </span>
     <span class='ocr_line' id='line_1_11' title="bbox 593 1037 2246 1117; baseline -0.005 -17"><span class='ocrx_word' id='word_1_61' title='bbox 593 1054 756 1100; x_wconf 87' lang='lat' dir='ltr'>nente</span> <span class='ocrx_word' id='word_1_62' title='bbox 820 1043 958 1098; x_wconf 86' lang='lat' dir='ltr'>enim</span> <span class='ocrx_word' id='word_1_63' title='bbox 1014 1040 1209 1115; x_wconf 83' lang='lat' dir='ltr'>angulo</span> <span class='ocrx_word' id='word_1_64' title='bbox 1251 1037 1536 1112; x_wconf 84' lang='lat' dir='ltr'>preffiones</span> <span class='ocrx_word' id='word_1_65' title='bbox 1580 1039 1647 1094; x_wconf 89' lang='lat' dir='ltr'>ad</span> <span class='ocrx_word' id='word_1_66' title='bbox 1691 1038 1911 1111; x_wconf 87' lang='lat' dir='ltr'>planum</span> <span class='ocrx_word' id='word_1_67' title='bbox 1955 1040 2063 1098; x_wconf 91' lang='lat' dir='ltr'>sunt</span> <span class='ocrx_word' id='word_1_68' title='bbox 2113 1062 2246 1117; x_wconf 89' lang='lat' dir='ltr'>pro-</span> 
     </span>
     <span class='ocr_line' id='line_1_12' title="bbox 593 1123 2259 1204; baseline 0.003 -21"><span class='ocrx_word' id='word_1_69' title='bbox 593 1129 931 1204; x_wconf 83' lang='lat' dir='ltr'>portionales</span> <span class='ocrx_word' id='word_1_70' title='bbox 980 1126 1308 1201; x_wconf 83' lang='lat' dir='ltr'>ponderibus</span> <span class='ocrx_word' id='word_1_71' title='bbox 1352 1124 1612 1179; x_wconf 76' lang='lat' dir='ltr'>absolutis</span> <span class='ocrx_word' id='word_1_72' title='bbox 1669 1145 1683 1180; x_wconf 74' lang='grc' dir='ltr'><strong><em>ε</em></strong></span> <span class='ocrx_word' id='word_1_73' title='bbox 1750 1123 1868 1180; x_wconf 90' lang='lat' dir='ltr'>sunt</span> <span class='ocrx_word' id='word_1_74' title='bbox 1916 1129 2073 1186; x_wconf 85' lang='lat' dir='ltr'>etiam</span> <span class='ocrx_word' id='word_1_75' title='bbox 2125 1130 2259 1190; x_wconf 82' lang='lat' dir='ltr'>nisus</span> 
     </span>
     <span class='ocr_line' id='line_1_13' title="bbox 597 1207 2262 1289; baseline 0.001 -17"><span class='ocrx_word' id='word_1_76' title='bbox 597 1232 895 1289; x_wconf 87' lang='lat' dir='ltr'>corporum</span> <span class='ocrx_word' id='word_1_77' title='bbox 941 1249 957 1281; x_wconf 84' lang='lat'>‚</span> <span class='ocrx_word' id='word_1_78' title='bbox 1027 1214 1209 1283; x_wconf 88' lang='lat' dir='ltr'>quibus</span> <span class='ocrx_word' id='word_1_79' title='bbox 1253 1209 1566 1264; x_wconf 89' lang='lat' dir='ltr'>descendere</span> <span class='ocrx_word' id='word_1_80' title='bbox 1600 1207 1750 1280; x_wconf 88' lang='lat' dir='ltr'>super</span> <span class='ocrx_word' id='word_1_81' title='bbox 1781 1211 1948 1281; x_wconf 90' lang='lat' dir='ltr'>plano</span> <span class='ocrx_word' id='word_1_82' title='bbox 1972 1229 2262 1282; x_wconf 78' lang='lat' dir='ltr'>conantur,</span> 
     </span>
     <span class='ocr_line' id='line_1_14' title="bbox 594 1296 2255 1376; baseline -0.004 -17"><span class='ocrx_word' id='word_1_83' title='bbox 594 1300 777 1361; x_wconf 79' lang='lat' dir='ltr'>obuia</span> <span class='ocrx_word' id='word_1_84' title='bbox 790 1301 925 1357; x_wconf 81' lang='lat' dir='ltr'>haec</span> <span class='ocrx_word' id='word_1_85' title='bbox 944 1301 1051 1354; x_wconf 73' lang='lat' dir='ltr'>lunt</span> <span class='ocrx_word' id='word_1_86' title='bbox 1080 1298 1298 1352; x_wconf 83' lang='lat' dir='ltr'>omnia:</span> <span class='ocrx_word' id='word_1_87' title='bbox 1342 1296 1508 1351; x_wconf 76' lang='lat' dir='ltr'>velim</span> <span class='ocrx_word' id='word_1_88' title='bbox 1537 1308 1729 1366; x_wconf 83' lang='lat' dir='ltr'>autem,</span> <span class='ocrx_word' id='word_1_89' title='bbox 1753 1309 1810 1352; x_wconf 81' lang='lat' dir='ltr'>vt</span> <span class='ocrx_word' id='word_1_90' title='bbox 1834 1297 1888 1352; x_wconf 95' lang='lat' dir='ltr'>in</span> <span class='ocrx_word' id='word_1_91' title='bbox 1912 1303 2255 1376; x_wconf 84' lang='lat' dir='ltr'>experimen-</span> 
     </span>
     <span class='ocr_line' id='line_1_15' title="bbox 594 1382 1617 1445; baseline -0.007 0"><span class='ocrx_word' id='word_1_92' title='bbox 594 1391 663 1445; x_wconf 83' lang='lat' dir='ltr'>tis</span> <span class='ocrx_word' id='word_1_93' title='bbox 692 1401 933 1444; x_wconf 75' lang='lat' dir='ltr'>caueatur</span> <span class='ocrx_word' id='word_1_94' title='bbox 955 1403 984 1440; x_wconf 87' lang='lat' dir='ltr'>a</span> <span class='ocrx_word' id='word_1_95' title='bbox 1008 1384 1407 1439; x_wconf 73' lang='lat' dir='ltr'>circumstantiis</span> <span class='ocrx_word' id='word_1_96' title='bbox 1427 1382 1617 1438; x_wconf 77' lang='lat' dir='ltr'>alienis,</span> 
     </span>
    </p>
   </div>
   <div class='ocr_carea' id='block_1_3' title="bbox 595 1498 2265 2102">
    <p class='ocr_par' dir='ltr' id='par_1_4' title="bbox 595 1498 2265 2102">
     <span class='ocr_line' id='line_1_16' title="bbox 750 1498 2256 1578; baseline -0.005 -17"><span class='ocrx_word' id='word_1_97' title='bbox 750 1503 880 1561; x_wconf 90' lang='lat' dir='ltr'>XII.</span> <span class='ocrx_word' id='word_1_98' title='bbox 962 1500 1224 1559; x_wconf 68' lang='lat' dir='ltr'>inserviet</span> <span class='ocrx_word' id='word_1_99' title='bbox 1259 1503 1422 1557; x_wconf 84' lang='lat' dir='ltr'>etiam</span> <span class='ocrx_word' id='word_1_100' title='bbox 1453 1500 1586 1556; x_wconf 86' lang='lat' dir='ltr'>haec</span> <span class='ocrx_word' id='word_1_101' title='bbox 1622 1498 1898 1558; x_wconf 89' lang='lat' dir='ltr'>methodus</span> <span class='ocrx_word' id='word_1_102' title='bbox 1942 1501 2010 1557; x_wconf 84' lang='lat' dir='ltr'>ad</span> <span class='ocrx_word' id='word_1_103' title='bbox 2062 1514 2256 1578; x_wconf 84' lang='lat' dir='ltr'>compa.</span> 
     </span>
     <span class='ocr_line' id='line_1_17' title="bbox 596 1588 2260 1664; baseline -0.001 -17"><span class='ocrx_word' id='word_1_104' title='bbox 596 1591 758 1651; x_wconf 77' lang='lat' dir='ltr'>randa</span> <span class='ocrx_word' id='word_1_105' title='bbox 788 1591 1011 1644; x_wconf 88' lang='lat' dir='ltr'>inuicem</span> <span class='ocrx_word' id='word_1_106' title='bbox 1052 1589 1239 1644; x_wconf 84' lang='lat' dir='ltr'>diuersl</span> <span class='ocrx_word' id='word_1_107' title='bbox 1272 1589 1483 1661; x_wconf 81' lang='lat' dir='ltr'>generis</span> <span class='ocrx_word' id='word_1_108' title='bbox 1524 1598 1750 1664; x_wconf 76' lang='lat' dir='ltr'>corpora.</span> <span class='ocrx_word' id='word_1_109' title='bbox 1859 1588 2101 1643; x_wconf 84' lang='lat' dir='ltr'>Eandem</span> <span class='ocrx_word' id='word_1_110' title='bbox 2148 1590 2260 1650; x_wconf 81' lang='lat' dir='ltr'>fere</span> 
     </span>
     <span class='ocr_line' id='line_1_18' title="bbox 595 1673 2261 1749; baseline -0.002 -12"><span class='ocrx_word' id='word_1_111' title='bbox 595 1679 891 1737; x_wconf 64' lang='lat' dir='ltr'>frietionem</span> <span class='ocrx_word' id='word_1_112' title='bbox 920 1676 1026 1732; x_wconf 83' lang='lat' dir='ltr'>effe</span> <span class='ocrx_word' id='word_1_113' title='bbox 1057 1674 1201 1745; x_wconf 79' lang='lat' dir='ltr'>ferri,</span> <span class='ocrx_word' id='word_1_114' title='bbox 1221 1677 1371 1749; x_wconf 86' lang='lat' dir='ltr'>cupri</span> <span class='ocrx_word' id='word_1_115' title='bbox 1392 1718 1410 1745; x_wconf 72' lang='lat'>,</span> <span class='ocrx_word' id='word_1_116' title='bbox 1450 1673 1698 1747; x_wconf 84' lang='lat' dir='ltr'>plumbi,</span> <span class='ocrx_word' id='word_1_117' title='bbox 1734 1674 1868 1747; x_wconf 80' lang='lat' dir='ltr'>ligni</span> <span class='ocrx_word' id='word_1_118' title='bbox 1891 1690 2081 1731; x_wconf 90' lang='lat' dir='ltr'>mutuo</span> <span class='ocrx_word' id='word_1_119' title='bbox 2109 1693 2261 1734; x_wconf 89' lang='lat' dir='ltr'>com-</span> 
     </span>
     <span class='ocr_line' id='line_1_19' title="bbox 596 1757 2261 1836; baseline -0.001 -15"><span class='ocrx_word' id='word_1_120' title='bbox 596 1768 902 1822; x_wconf 70' lang='lat' dir='ltr'>bina&#39;torum</span> <span class='ocrx_word' id='word_1_121' title='bbox 922 1806 942 1833; x_wconf 36' lang='grc' dir='ltr'><strong><em>ἢ</em></strong></span> <span class='ocrx_word' id='word_1_122' title='bbox 985 1763 1024 1818; x_wconf 84' lang='lat' dir='ltr'><strong>fi</strong></span> <span class='ocrx_word' id='word_1_123' title='bbox 1061 1765 1284 1836; x_wconf 80' lang='lat' dir='ltr'>axungia</span> <span class='ocrx_word' id='word_1_124' title='bbox 1322 1762 1579 1818; x_wconf 83' lang='lat' dir='ltr'>illinantur</span> <span class='ocrx_word' id='word_1_125' title='bbox 1600 1802 1618 1829; x_wconf 76' lang='lat'>,</span> <span class='ocrx_word' id='word_1_126' title='bbox 1650 1775 1866 1817; x_wconf 86' lang='lat' dir='ltr'>annotat</span> <span class='ocrx_word' id='word_1_127' title='bbox 1892 1757 2261 1827; x_wconf 81' lang='lat' dir='ltr'>Amontonius.</span> 
     </span>
     <span class='ocr_line' id='line_1_20' title="bbox 596 1849 2264 1920; baseline -0.002 -9"><span class='ocrx_word' id='word_1_128' title='bbox 596 1854 662 1911; x_wconf 85' lang='lat' dir='ltr'>Id</span> <span class='ocrx_word' id='word_1_129' title='bbox 691 1854 850 1906; x_wconf 85' lang='lat' dir='ltr'>etiam</span> <span class='ocrx_word' id='word_1_130' title='bbox 869 1851 1278 1906; x_wconf 65' lang='lat' dir='ltr'>‘examinarihac</span> <span class='ocrx_word' id='word_1_131' title='bbox 1298 1849 1562 1906; x_wconf 87' lang='lat' dir='ltr'>methodo</span> <span class='ocrx_word' id='word_1_132' title='bbox 1583 1849 1761 1920; x_wconf 87' lang='lat' dir='ltr'>potest</span> <span class='ocrx_word' id='word_1_133' title='bbox 1788 1885 1804 1915; x_wconf 90' lang='lat'>‚</span> <span class='ocrx_word' id='word_1_134' title='bbox 1861 1861 1915 1902; x_wconf 83' lang='lat' dir='ltr'>et</span> <span class='ocrx_word' id='word_1_135' title='bbox 1936 1866 2057 1903; x_wconf 92' lang='lat' dir='ltr'>cum</span> <span class='ocrx_word' id='word_1_136' title='bbox 2082 1864 2136 1905; x_wconf 86' lang='lat' dir='ltr'>et</span> <span class='ocrx_word' id='word_1_137' title='bbox 2159 1851 2264 1908; x_wconf 82' lang='lat' dir='ltr'>fine</span> 
     </span>
     <span class='ocr_line' id='line_1_21' title="bbox 601 1934 2265 2012; baseline -0.001 -15"><span class='ocrx_word' id='word_1_138' title='bbox 601 1940 824 2009; x_wconf 81' lang='lat' dir='ltr'>axungia</span> <span class='ocrx_word' id='word_1_139' title='bbox 859 1957 871 1992; x_wconf 93' lang='lat'><strong>:</strong></span> <span class='ocrx_word' id='word_1_140' title='bbox 916 1938 1170 1992; x_wconf 84' lang='lat' dir='ltr'>nimirum</span> <span class='ocrx_word' id='word_1_141' title='bbox 1193 1940 1451 2012; x_wconf 86' lang='lat' dir='ltr'>quaeritur</span> <span class='ocrx_word' id='word_1_142' title='bbox 1476 1979 1493 2008; x_wconf 84' lang='lat'>,</span> <span class='ocrx_word' id='word_1_143' title='bbox 1520 1953 1588 1992; x_wconf 86' lang='lat' dir='ltr'>an</span> <span class='ocrx_word' id='word_1_144' title='bbox 1619 1934 1767 1991; x_wconf 88' lang='lat' dir='ltr'>idem</span> <span class='ocrx_word' id='word_1_145' title='bbox 1787 1934 1847 1991; x_wconf 85' lang='lat' dir='ltr'>fit</span> <span class='ocrx_word' id='word_1_146' title='bbox 1866 1952 1973 2009; x_wconf 88' lang='lat' dir='ltr'>pro</span> <span class='ocrx_word' id='word_1_147' title='bbox 2007 1938 2265 1996; x_wconf 80' lang='lat' dir='ltr'>omnibus</span> 
     </span>
     <span class='ocr_line' id='line_1_22' title="bbox 596 2019 1055 2102; baseline -0.017 -15"><span class='ocrx_word' id='word_1_148' title='bbox 596 2026 816 2102; x_wconf 51' lang='lat' dir='ltr'>‘angulus</span> <span class='ocrx_word' id='word_1_149' title='bbox 836 2019 1055 2099; x_wconf 64' lang='lat' dir='ltr'>quietis?</span> 
     </span>
    </p>
   </div>
   <div class='ocr_carea' id='block_1_4' title="bbox 602 2142 2270 2745">
    <p class='ocr_par' dir='ltr' id='par_1_5' title="bbox 602 2142 2270 2745">
     <span class='ocr_line' id='line_1_23' title="bbox 731 2142 2265 2221; baseline 0.001 -14"><span class='ocrx_word' id='word_1_150' title='bbox 731 2148 898 2207; x_wconf 87' lang='lat' dir='ltr'>XIII.</span> <span class='ocrx_word' id='word_1_151' title='bbox 987 2146 1242 2221; x_wconf 84' lang='lat' dir='ltr'>Denique</span> <span class='ocrx_word' id='word_1_152' title='bbox 1264 2149 1446 2205; x_wconf 88' lang='lat' dir='ltr'>eadem</span> <span class='ocrx_word' id='word_1_153' title='bbox 1468 2142 1649 2217; x_wconf 80' lang='lat' dir='ltr'>anguli</span> <span class='ocrx_word' id='word_1_154' title='bbox 1679 2144 1968 2201; x_wconf 86' lang='lat' dir='ltr'>constantia</span> <span class='ocrx_word' id='word_1_155' title='bbox 1991 2149 2265 2220; x_wconf 88' lang='lat' dir='ltr'>requiritur</span> 
     </span>
     <span class='ocr_line' id='line_1_24' title="bbox 602 2233 2264 2312; baseline -0.002 -19"><span class='ocrx_word' id='word_1_156' title='bbox 602 2255 705 2312; x_wconf 88' lang='lat' dir='ltr'>pro</span> <span class='ocrx_word' id='word_1_157' title='bbox 730 2236 1055 2312; x_wconf 83' lang='lat' dir='ltr'>corporibus</span> <span class='ocrx_word' id='word_1_158' title='bbox 1084 2235 1434 2305; x_wconf 84' lang='lat' dir='ltr'>homogeneis</span> <span class='ocrx_word' id='word_1_159' title='bbox 1455 2244 1510 2285; x_wconf 92' lang='lat' dir='ltr'>et</span> <span class='ocrx_word' id='word_1_160' title='bbox 1538 2233 1823 2301; x_wconf 83' lang='lat' dir='ltr'>aequaliter</span> <span class='ocrx_word' id='word_1_161' title='bbox 1846 2233 2056 2304; x_wconf 75' lang='lat' dir='ltr'>politis,</span> <span class='ocrx_word' id='word_1_162' title='bbox 2101 2253 2264 2310; x_wconf 80' lang='lat' dir='ltr'>aeque</span> 
     </span>
     <span class='ocr_line' id='line_1_25' title="bbox 605 2313 2263 2398; baseline -0.003 -20"><span class='ocrx_word' id='word_1_163' title='bbox 605 2337 696 2382; x_wconf 83' lang='lat' dir='ltr'>aut</span> <span class='ocrx_word' id='word_1_164' title='bbox 719 2326 888 2377; x_wconf 87' lang='lat' dir='ltr'>minus</span> <span class='ocrx_word' id='word_1_165' title='bbox 912 2323 1183 2390; x_wconf 79' lang='lat' dir='ltr'>grauibuS‚</span> <span class='ocrx_word' id='word_1_166' title='bbox 1200 2321 1296 2396; x_wconf 87' lang='lat' dir='ltr'>sed</span> <span class='ocrx_word' id='word_1_167' title='bbox 1311 2313 1516 2389; x_wconf 76' lang='lat' dir='ltr'>diuersa</span> <span class='ocrx_word' id='word_1_168' title='bbox 1523 2313 1814 2389; x_wconf 70' lang='lat' dir='ltr'>fitperficz‘ez‘</span> <span class='ocrx_word' id='word_1_169' title='bbox 1837 2319 2119 2395; x_wconf 78' lang='lat' dir='ltr'>extensione</span> <span class='ocrx_word' id='word_1_170' title='bbox 2140 2343 2263 2398; x_wconf 78' lang='lat' dir='ltr'>gau..</span> 
     </span>
     <span class='ocr_line' id='line_1_26' title="bbox 606 2402 2258 2478; baseline -0.003 -15"><span class='ocrx_word' id='word_1_171' title='bbox 606 2408 846 2468; x_wconf 87' lang='lat' dir='ltr'>dentibus</span> <span class='ocrx_word' id='word_1_172' title='bbox 868 2426 883 2478; x_wconf 83' lang='lat'>3</span> <span class='ocrx_word' id='word_1_173' title='bbox 912 2407 948 2460; x_wconf 84' lang='lat' dir='ltr'>s1</span> <span class='ocrx_word' id='word_1_174' title='bbox 972 2424 1040 2460; x_wconf 93' lang='lat' dir='ltr'>ex</span> <span class='ocrx_word' id='word_1_175' title='bbox 1065 2425 1202 2461; x_wconf 77' lang='lat' dir='ltr'>vero</span> <span class='ocrx_word' id='word_1_176' title='bbox 1220 2404 1462 2463; x_wconf 87' lang='lat' dir='ltr'>dixitVir</span> <span class='ocrx_word' id='word_1_177' title='bbox 1477 2402 1756 2475; x_wconf 67' lang='lat' dir='ltr'>Egregius,</span> <span class='ocrx_word' id='word_1_178' title='bbox 1788 2407 1935 2477; x_wconf 88' lang='lat' dir='ltr'>quod</span> <span class='ocrx_word' id='word_1_179' title='bbox 1959 2408 2154 2465; x_wconf 88' lang='lat' dir='ltr'>diuersa</span> <span class='ocrx_word' id='word_1_180' title='bbox 2179 2410 2258 2468; x_wconf 88' lang='lat' dir='ltr'>su-</span> 
     </span>
     <span class='ocr_line' id='line_1_27' title="bbox 603 2492 2270 2570; baseline 0.002 -20"><span class='ocrx_word' id='word_1_181' title='bbox 603 2492 843 2570; x_wconf 85' lang='lat' dir='ltr'>perficiei</span> <span class='ocrx_word' id='word_1_182' title='bbox 877 2492 1114 2546; x_wconf 78' lang='lat' dir='ltr'>extensio</span> <span class='ocrx_word' id='word_1_183' title='bbox 1149 2492 1447 2546; x_wconf 59' lang='lat' dir='ltr'>frssfflonem</span> <span class='ocrx_word' id='word_1_184' title='bbox 1484 2492 1680 2545; x_wconf 86' lang='lat' dir='ltr'>ceteris</span> <span class='ocrx_word' id='word_1_185' title='bbox 1718 2493 1932 2563; x_wconf 80' lang='lat' dir='ltr'>paribus</span> <span class='ocrx_word' id='word_1_186' title='bbox 1961 2510 2059 2547; x_wconf 89' lang='lat' dir='ltr'>nec</span> <span class='ocrx_word' id='word_1_187' title='bbox 2086 2510 2270 2568; x_wconf 86' lang='lat' dir='ltr'>augeat</span> 
     </span>
     <span class='ocr_line' id='line_1_28' title="bbox 605 2573 2267 2651; baseline 0.001 -12"><span class='ocrx_word' id='word_1_188' title='bbox 605 2597 708 2639; x_wconf 87' lang='lat' dir='ltr'>nee</span> <span class='ocrx_word' id='word_1_189' title='bbox 727 2580 946 2636; x_wconf 85' lang='lat' dir='ltr'>minuat.</span> <span class='ocrx_word' id='word_1_190' title='bbox 971 2573 1014 2643; x_wconf 58' lang='lat'>§-</span> <span class='ocrx_word' id='word_1_191' title='bbox 1029 2573 1086 2633; x_wconf 89' lang='lat'>6.</span> <span class='ocrx_word' id='word_1_192' title='bbox 1172 2575 1346 2632; x_wconf 84' lang='lat' dir='ltr'>Potest</span> <span class='ocrx_word' id='word_1_193' title='bbox 1373 2578 1427 2632; x_wconf 92' lang='lat' dir='ltr'>id</span> <span class='ocrx_word' id='word_1_194' title='bbox 1453 2578 1636 2630; x_wconf 84' lang='lat' dir='ltr'>tentari</span> <span class='ocrx_word' id='word_1_195' title='bbox 1676 2593 1794 2633; x_wconf 89' lang='lat' dir='ltr'>cum</span> <span class='ocrx_word' id='word_1_196' title='bbox 1832 2581 2150 2651; x_wconf 87' lang='lat' dir='ltr'>corporibus</span> <span class='ocrx_word' id='word_1_197' title='bbox 2182 2602 2267 2641; x_wconf 79' lang='lat' dir='ltr'>ae-</span> 
     </span>
     <span class='ocr_line' id='line_1_29' title="bbox 602 2662 2267 2745; baseline 0.002 -21"><span class='ocrx_word' id='word_1_198' title='bbox 602 2684 708 2745; x_wconf 84' lang='lat' dir='ltr'>que</span> <span class='ocrx_word' id='word_1_199' title='bbox 732 2662 1005 2738; x_wconf 83' lang='lat' dir='ltr'>grauibus:</span> <span class='ocrx_word' id='word_1_200' title='bbox 1046 2664 1224 2740; x_wconf 87' lang='lat' dir='ltr'>potest</span> <span class='ocrx_word' id='word_1_201' title='bbox 1248 2681 1377 2720; x_wconf 78' lang='lat' dir='ltr'>vero</span> <span class='ocrx_word' id='word_1_202' title='bbox 1398 2662 1562 2720; x_wconf 81' lang='lat' dir='ltr'>etiam</span> <span class='ocrx_word' id='word_1_203' title='bbox 1587 2680 1707 2720; x_wconf 89' lang='lat' dir='ltr'>cum</span> <span class='ocrx_word' id='word_1_204' title='bbox 1730 2667 2072 2741; x_wconf 80' lang='lat' dir='ltr'>inaequaliter</span> <span class='ocrx_word' id='word_1_205' title='bbox 2101 2674 2267 2741; x_wconf 84' lang='lat' dir='ltr'>graui-</span> 
     </span>
    </p>
   </div>
   <div class='ocr_carea' id='block_1_5' title="bbox 2172 2756 2269 2817">
    <p class='ocr_par' dir='ltr' id='par_1_6' title="bbox 2172 2756 2269 2817">
     <span class='ocr_line' id='line_1_30' title="bbox 2172 2756 2269 2817; baseline 0.041 -4"><span class='ocrx_word' id='word_1_206' title='bbox 2172 2756 2269 2817; x_wconf 89' lang='lat' dir='ltr'>bus</span> 
     </span>
    </p>
   </div>
  </div>
 </body>
</html>
