<?xml version="1.0" encoding="UTF-8"?>
<!DOCTYPE html PUBLIC "-//W3C//DTD XHTML 1.0 Transitional//EN"
    "http://www.w3.org/TR/xhtml1/DTD/xhtml1-transitional.dtd">
<html xmlns="http://www.w3.org/1999/xhtml" xml:lang="en" lang="en">
 <head>
  <title>
</title>
<meta http-equiv="Content-Type" content="text/html;charset=utf-8" />
  <meta name='ocr-system' content='tesseract 3.04.00' />
  <meta name='ocr-capabilities' content='ocr_page ocr_carea ocr_par ocr_line ocrx_word'/>
</head>
<body>
  <div class='ocr_page' id='page_1' title='image "./commentariiacade02impe_0222.png"; bbox 0 0 2393 3590; ppageno 0'>
   <div class='ocr_carea' id='block_1_1' title="bbox 551 127 1948 206">
    <p class='ocr_par' dir='ltr' id='par_1_1' title="bbox 551 127 1948 206">
     <span class='ocr_line' id='line_1_1' title="bbox 551 127 1948 206; baseline -0.01 0"><span class='ocrx_word' id='word_1_1' title='bbox 551 157 682 206; x_wconf 80' lang='lat'>210</span> <span class='ocrx_word' id='word_1_2' title='bbox 828 127 1452 201; x_wconf 84' lang='lat' dir='ltr'>DEMONSTRAT.</span> <span class='ocrx_word' id='word_1_3' title='bbox 1506 129 1948 195; x_wconf 82' lang='lat' dir='ltr'>GEOMETR.</span> 
     </span>
    </p>
   </div>
   <div class='ocr_carea' id='block_1_2' title="bbox 537 289 2214 1664">
    <p class='ocr_par' dir='ltr' id='par_1_2' title="bbox 539 289 2214 1147">
     <span class='ocr_line' id='line_1_2' title="bbox 548 289 2210 367; baseline 0 -18"><span class='ocrx_word' id='word_1_4' title='bbox 548 294 615 357; x_wconf 86' lang='lat' dir='ltr'>N</span> <span class='ocrx_word' id='word_1_5' title='bbox 640 306 931 352; x_wconf 76' lang='lat' dir='ltr'>oneratum:</span> <span class='ocrx_word' id='word_1_6' title='bbox 953 293 1034 351; x_wconf 78' lang='lat' dir='ltr'>his</span> <span class='ocrx_word' id='word_1_7' title='bbox 1059 306 1232 350; x_wconf 78' lang='lat' dir='ltr'>autem</span> <span class='ocrx_word' id='word_1_8' title='bbox 1254 294 1435 367; x_wconf 84' lang='lat' dir='ltr'>pofitis</span> <span class='ocrx_word' id='word_1_9' title='bbox 1459 289 1782 348; x_wconf 68' lang='lat' dir='ltr'>manifestum</span> <span class='ocrx_word' id='word_1_10' title='bbox 1821 291 1894 347; x_wconf 87' lang='lat' dir='ltr'>est</span> <span class='ocrx_word' id='word_1_11' title='bbox 1921 334 1935 361; x_wconf 83' lang='lat'>,</span> <span class='ocrx_word' id='word_1_12' title='bbox 1963 290 2210 364; x_wconf 72' lang='lat' dir='ltr'>pondera</span> 
     </span>
     <span class='ocr_line' id='line_1_3' title="bbox 547 376 2213 453; baseline -0.004 -14"><span class='ocrx_word' id='word_1_13' title='bbox 547 400 660 440; x_wconf 87' lang='lat' dir='ltr'>non</span> <span class='ocrx_word' id='word_1_14' title='bbox 690 384 839 438; x_wconf 84' lang='lat' dir='ltr'>aliter</span> <span class='ocrx_word' id='word_1_15' title='bbox 860 383 1099 449; x_wconf 83' lang='lat' dir='ltr'>moueri,</span> <span class='ocrx_word' id='word_1_16' title='bbox 1137 399 1196 436; x_wconf 80' lang='lat' dir='ltr'>ac</span> <span class='ocrx_word' id='word_1_17' title='bbox 1222 381 1259 436; x_wconf 88' lang='lat' dir='ltr'><strong>fi</strong></span> <span class='ocrx_word' id='word_1_18' title='bbox 1288 380 1394 436; x_wconf 82' lang='lat' dir='ltr'>sola</span> <span class='ocrx_word' id='word_1_19' title='bbox 1419 380 1570 451; x_wconf 77' lang='lat' dir='ltr'>virga</span> <span class='ocrx_word' id='word_1_20' title='bbox 1600 376 1724 434; x_wconf 88' lang='lat' dir='ltr'>MN</span> <span class='ocrx_word' id='word_1_21' title='bbox 1748 378 1919 453; x_wconf 76' lang='lat' dir='ltr'>rigida</span> <span class='ocrx_word' id='word_1_22' title='bbox 1947 376 2103 446; x_wconf 85' lang='lat' dir='ltr'>effet,</span> <span class='ocrx_word' id='word_1_23' title='bbox 2129 379 2213 434; x_wconf 78' lang='lat' dir='ltr'>os-</span> 
     </span>
     <span class='ocr_line' id='line_1_4' title="bbox 545 459 2209 541; baseline -0.002 -17"><span class='ocrx_word' id='word_1_24' title='bbox 545 471 867 540; x_wconf 78' lang='lat' dir='ltr'>cillarcturq3</span> <span class='ocrx_word' id='word_1_25' title='bbox 890 470 1140 541; x_wconf 63' lang='lat' dir='ltr'>punctum</span> <span class='ocrx_word' id='word_1_26' title='bbox 1154 468 1201 524; x_wconf 89' lang='lat' dir='ltr'>B</span> <span class='ocrx_word' id='word_1_27' title='bbox 1216 470 1354 523; x_wconf 85' lang='lat' dir='ltr'>circa</span> <span class='ocrx_word' id='word_1_28' title='bbox 1368 466 1616 538; x_wconf 50' lang='lat' dir='ltr'>punctum</span> <span class='ocrx_word' id='word_1_29' title='bbox 1632 459 1838 529; x_wconf 82' lang='lat' dir='ltr'>A‚dum</span> <span class='ocrx_word' id='word_1_30' title='bbox 1851 467 2046 520; x_wconf 82' lang='lat' dir='ltr'>interea</span> <span class='ocrx_word' id='word_1_31' title='bbox 2064 479 2209 520; x_wconf 67' lang='lat' dir='ltr'>rota.-</span> 
     </span>
     <span class='ocr_line' id='line_1_5' title="bbox 546 545 2207 629; baseline -0.008 -18"><span class='ocrx_word' id='word_1_32' title='bbox 546 571 634 612; x_wconf 77' lang='lat' dir='ltr'>tur</span> <span class='ocrx_word' id='word_1_33' title='bbox 661 570 814 612; x_wconf 88' lang='lat' dir='ltr'>motu</span> <span class='ocrx_word' id='word_1_34' title='bbox 834 557 1069 629; x_wconf 75' lang='lat' dir='ltr'>angulari</span> <span class='ocrx_word' id='word_1_35' title='bbox 1082 556 1235 611; x_wconf 87' lang='lat' dir='ltr'>fimili</span> <span class='ocrx_word' id='word_1_36' title='bbox 1252 567 1304 608; x_wconf 85' lang='lat' dir='ltr'>ct</span> <span class='ocrx_word' id='word_1_37' title='bbox 1320 549 1599 606; x_wconf 81' lang='lat' dir='ltr'>contrario</span> <span class='ocrx_word' id='word_1_38' title='bbox 1615 549 1761 621; x_wconf 75' lang='lat' dir='ltr'>virga</span> <span class='ocrx_word' id='word_1_39' title='bbox 1775 545 1902 604; x_wconf 87' lang='lat' dir='ltr'>MN</span> <span class='ocrx_word' id='word_1_40' title='bbox 1921 551 2063 604; x_wconf 80' lang='lat' dir='ltr'>circa</span> <span class='ocrx_word' id='word_1_41' title='bbox 2081 569 2207 621; x_wconf 73' lang='lat' dir='ltr'>pun-</span> 
     </span>
     <span class='ocr_line' id='line_1_6' title="bbox 544 633 2206 712; baseline -0.004 -12"><span class='ocrx_word' id='word_1_42' title='bbox 544 645 688 700; x_wconf 67' lang='lat' dir='ltr'>ctum</span> <span class='ocrx_word' id='word_1_43' title='bbox 701 644 771 702; x_wconf 80' lang='lat'>13:</span> <span class='ocrx_word' id='word_1_44' title='bbox 789 656 842 698; x_wconf 88' lang='lat' dir='ltr'>et</span> <span class='ocrx_word' id='word_1_45' title='bbox 858 659 982 699; x_wconf 88' lang='lat' dir='ltr'>cum</span> <span class='ocrx_word' id='word_1_46' title='bbox 992 654 1172 698; x_wconf 86' lang='lat' dir='ltr'>motus</span> <span class='ocrx_word' id='word_1_47' title='bbox 1187 637 1442 712; x_wconf 76' lang='lat' dir='ltr'>angularis</span> <span class='ocrx_word' id='word_1_48' title='bbox 1453 633 1631 691; x_wconf 82' lang='lat' dir='ltr'>fimilis</span> <span class='ocrx_word' id='word_1_49' title='bbox 1640 634 1716 704; x_wconf 88' lang='lat' dir='ltr'>fit,</span> <span class='ocrx_word' id='word_1_50' title='bbox 1741 634 1839 690; x_wconf 86' lang='lat' dir='ltr'>erit</span> <span class='ocrx_word' id='word_1_51' title='bbox 1853 635 1960 691; x_wconf 85' lang='grc' dir='ltr'>ΜΒ</span> <span class='ocrx_word' id='word_1_52' title='bbox 1981 635 2047 689; x_wconf 79' lang='lat' dir='ltr'>ad</span> <span class='ocrx_word' id='word_1_53' title='bbox 2060 635 2171 693; x_wconf 78' lang='lat' dir='ltr'>BA</span> <span class='ocrx_word' id='word_1_54' title='bbox 2188 674 2206 707; x_wconf 88' lang='lat'>,</span> 
     </span>
     <span class='ocr_line' id='line_1_7' title="bbox 544 723 2211 799; baseline -0.005 -13"><span class='ocrx_word' id='word_1_55' title='bbox 544 730 699 786; x_wconf 87' lang='lat' dir='ltr'>ficuti</span> <span class='ocrx_word' id='word_1_56' title='bbox 713 731 965 786; x_wconf 76' lang='lat' dir='ltr'>velocitas</span> <span class='ocrx_word' id='word_1_57' title='bbox 981 771 995 797; x_wconf 90' lang='lat'>‚</span> <span class='ocrx_word' id='word_1_58' title='bbox 1019 743 1118 799; x_wconf 80' lang='lat' dir='ltr'>qua</span> <span class='ocrx_word' id='word_1_59' title='bbox 1134 743 1325 798; x_wconf 87' lang='lat' dir='ltr'>corpus</span> <span class='ocrx_word' id='word_1_60' title='bbox 1346 724 1410 781; x_wconf 89' lang='lat' dir='ltr'>M</span> <span class='ocrx_word' id='word_1_61' title='bbox 1436 735 1642 778; x_wconf 80' lang='lat' dir='ltr'>rotatur</span> <span class='ocrx_word' id='word_1_62' title='bbox 1665 723 1806 777; x_wconf 84' lang='lat' dir='ltr'>circa</span> <span class='ocrx_word' id='word_1_63' title='bbox 1821 725 2066 794; x_wconf 69' lang='lat' dir='ltr'>pun-etum</span> <span class='ocrx_word' id='word_1_64' title='bbox 2081 727 2127 783; x_wconf 87' lang='grc' dir='ltr'>Β</span> <span class='ocrx_word' id='word_1_65' title='bbox 2146 726 2211 781; x_wconf 80' lang='lat' dir='ltr'>ad</span> 
     </span>
     <span class='ocr_line' id='line_1_8' title="bbox 540 807 2214 885; baseline -0.004 -13"><span class='ocrx_word' id='word_1_66' title='bbox 540 819 886 872; x_wconf 76' lang='lat' dir='ltr'>velocitatem</span> <span class='ocrx_word' id='word_1_67' title='bbox 904 859 920 884; x_wconf 80' lang='lat'>,</span> <span class='ocrx_word' id='word_1_68' title='bbox 945 830 1045 885; x_wconf 78' lang='lat' dir='ltr'>qua</span> <span class='ocrx_word' id='word_1_69' title='bbox 1060 813 1309 884; x_wconf 65' lang='lat' dir='ltr'>punctum</span> <span class='ocrx_word' id='word_1_70' title='bbox 1333 809 1381 866; x_wconf 87' lang='lat' dir='ltr'>B</span> <span class='ocrx_word' id='word_1_71' title='bbox 1404 811 1571 866; x_wconf 66' lang='lat' dir='ltr'>fcrtur</span> <span class='ocrx_word' id='word_1_72' title='bbox 1597 809 1743 865; x_wconf 87' lang='lat' dir='ltr'>circa</span> <span class='ocrx_word' id='word_1_73' title='bbox 1765 807 1828 865; x_wconf 78' lang='lat' dir='ltr'>A</span> <span class='ocrx_word' id='word_1_74' title='bbox 1854 827 1866 862; x_wconf 79' lang='lat' dir='ltr'>z</span> <span class='ocrx_word' id='word_1_75' title='bbox 1891 811 2015 865; x_wconf 73' lang='lat' dir='ltr'>data</span> <span class='ocrx_word' id='word_1_76' title='bbox 2038 809 2214 880; x_wconf 75' lang='lat' dir='ltr'>itaque</span> 
     </span>
     <span class='ocr_line' id='line_1_9' title="bbox 539 896 2210 971; baseline -0.004 -12"><span class='ocrx_word' id='word_1_77' title='bbox 539 903 804 959; x_wconf 80' lang='lat' dir='ltr'>relatione</span> <span class='ocrx_word' id='word_1_78' title='bbox 831 917 961 971; x_wconf 79' lang='lat' dir='ltr'>quae</span> <span class='ocrx_word' id='word_1_79' title='bbox 981 900 1056 953; x_wconf 89' lang='lat' dir='ltr'>est</span> <span class='ocrx_word' id='word_1_80' title='bbox 1082 900 1219 954; x_wconf 84' lang='lat' dir='ltr'>inter</span> <span class='ocrx_word' id='word_1_81' title='bbox 1253 898 1567 953; x_wconf 74' lang='lat' dir='ltr'>velocitates</span> <span class='ocrx_word' id='word_1_82' title='bbox 1587 940 1603 968; x_wconf 82' lang='lat'>‚</span> <span class='ocrx_word' id='word_1_83' title='bbox 1653 898 2000 953; x_wconf 78' lang='lat' dir='ltr'>determinare</span> <span class='ocrx_word' id='word_1_84' title='bbox 2024 896 2210 952; x_wconf 83' lang='lat' dir='ltr'>licebit</span> 
     </span>
     <span class='ocr_line' id='line_1_10' title="bbox 539 983 2201 1058; baseline -0.003 -14"><span class='ocrx_word' id='word_1_85' title='bbox 539 989 805 1044; x_wconf 81' lang='lat' dir='ltr'>rationem</span> <span class='ocrx_word' id='word_1_86' title='bbox 841 987 1115 1043; x_wconf 84' lang='lat' dir='ltr'>distantiae</span> <span class='ocrx_word' id='word_1_87' title='bbox 1153 987 1401 1056; x_wconf 80' lang='lat' dir='ltr'>corporis</span> <span class='ocrx_word' id='word_1_88' title='bbox 1429 1002 1458 1038; x_wconf 82' lang='lat' dir='ltr'>a</span> <span class='ocrx_word' id='word_1_89' title='bbox 1500 999 1687 1039; x_wconf 88' lang='lat' dir='ltr'>centro</span> <span class='ocrx_word' id='word_1_90' title='bbox 1727 985 2003 1058; x_wconf 77' lang='lat' dir='ltr'>grauitatis</span> <span class='ocrx_word' id='word_1_91' title='bbox 2030 983 2098 1039; x_wconf 73' lang='lat' dir='ltr'>ad</span> <span class='ocrx_word' id='word_1_92' title='bbox 2123 984 2201 1039; x_wconf 83' lang='lat' dir='ltr'>di-</span> 
     </span>
     <span class='ocr_line' id='line_1_11' title="bbox 543 1069 1925 1147; baseline -0.005 -16"><span class='ocrx_word' id='word_1_93' title='bbox 543 1075 787 1131; x_wconf 76' lang='lat' dir='ltr'>stantiam</span> <span class='ocrx_word' id='word_1_94' title='bbox 815 1076 985 1127; x_wconf 87' lang='lat' dir='ltr'>centri</span> <span class='ocrx_word' id='word_1_95' title='bbox 1010 1071 1276 1147; x_wconf 79' lang='lat' dir='ltr'>grauitatis</span> <span class='ocrx_word' id='word_1_96' title='bbox 1303 1087 1328 1124; x_wconf 76' lang='lat' dir='ltr'>a</span> <span class='ocrx_word' id='word_1_97' title='bbox 1353 1072 1546 1143; x_wconf 65' lang='lat' dir='ltr'>puncto</span> <span class='ocrx_word' id='word_1_98' title='bbox 1572 1069 1925 1145; x_wconf 73' lang='lat' dir='ltr'>suspensionis.</span> 
     </span>
    </p>

    <p class='ocr_par' dir='ltr' id='par_1_3' title="bbox 537 1155 2211 1664">
     <span class='ocr_line' id='line_1_12' title="bbox 697 1155 2211 1230; baseline -0.001 -16"><span class='ocrx_word' id='word_1_99' title='bbox 697 1159 939 1218; x_wconf 79' lang='lat' dir='ltr'>Lemma.</span> <span class='ocrx_word' id='word_1_100' title='bbox 1030 1155 1082 1213; x_wconf 79' lang='lat' dir='ltr'>Si</span> <span class='ocrx_word' id='word_1_101' title='bbox 1111 1173 1348 1222; x_wconf 83' lang='lat' dir='ltr'>corpora</span> <span class='ocrx_word' id='word_1_102' title='bbox 1372 1158 1435 1212; x_wconf 88' lang='grc' dir='ltr'>Μ</span> <span class='ocrx_word' id='word_1_103' title='bbox 1470 1169 1523 1210; x_wconf 84' lang='lat' dir='ltr'>et</span> <span class='ocrx_word' id='word_1_104' title='bbox 1544 1157 1607 1215; x_wconf 91' lang='lat' dir='ltr'>N</span> <span class='ocrx_word' id='word_1_105' title='bbox 1643 1160 1777 1212; x_wconf 80' lang='lat' dir='ltr'>circa</span> <span class='ocrx_word' id='word_1_106' title='bbox 1812 1170 2053 1212; x_wconf 82' lang='lat' dir='ltr'>centrum</span> <span class='ocrx_word' id='word_1_107' title='bbox 2081 1174 2211 1230; x_wconf 78' lang='lat' dir='ltr'>gra-</span> 
     </span>
     <span class='ocr_line' id='line_1_13' title="bbox 539 1239 2211 1314; baseline -0.004 -9"><span class='ocrx_word' id='word_1_108' title='bbox 539 1247 719 1305; x_wconf 79' lang='lat' dir='ltr'>uitatis</span> <span class='ocrx_word' id='word_1_109' title='bbox 744 1244 792 1302; x_wconf 89' lang='lat' dir='ltr'>B</span> <span class='ocrx_word' id='word_1_110' title='bbox 814 1256 1052 1299; x_wconf 82' lang='lat' dir='ltr'>rotentur</span> <span class='ocrx_word' id='word_1_111' title='bbox 1076 1243 1365 1296; x_wconf 76' lang='lat' dir='ltr'>velocitate</span> <span class='ocrx_word' id='word_1_112' title='bbox 1383 1239 1641 1297; x_wconf 74' lang='lat' dir='ltr'>vniformi</span> <span class='ocrx_word' id='word_1_113' title='bbox 1665 1260 2002 1314; x_wconf 75' lang='lat' dir='ltr'>quacunque,</span> <span class='ocrx_word' id='word_1_114' title='bbox 2034 1243 2211 1300; x_wconf 76' lang='lat' dir='ltr'>fimul-</span> 
     </span>
     <span class='ocr_line' id='line_1_14' title="bbox 539 1325 2201 1406; baseline -0.002 -18"><span class='ocrx_word' id='word_1_115' title='bbox 539 1350 641 1406; x_wconf 89' lang='lat' dir='ltr'>que</span> <span class='ocrx_word' id='word_1_116' title='bbox 669 1331 833 1401; x_wconf 84' lang='lat' dir='ltr'>ipsum</span> <span class='ocrx_word' id='word_1_117' title='bbox 861 1343 1091 1383; x_wconf 83' lang='lat' dir='ltr'><strong>centrum</strong></span> <span class='ocrx_word' id='word_1_118' title='bbox 1117 1326 1163 1382; x_wconf 81' lang='lat' dir='ltr'>B</span> <span class='ocrx_word' id='word_1_119' title='bbox 1190 1325 1384 1381; x_wconf 81' lang='lat' dir='ltr'>feratur</span> <span class='ocrx_word' id='word_1_120' title='bbox 1410 1326 1522 1380; x_wconf 82' lang='lat' dir='ltr'>alio</span> <span class='ocrx_word' id='word_1_121' title='bbox 1551 1342 1704 1383; x_wconf 83' lang='lat' dir='ltr'>motu</span> <span class='ocrx_word' id='word_1_122' title='bbox 1735 1329 2090 1400; x_wconf 80' lang='lat' dir='ltr'>cuiuscunque</span> <span class='ocrx_word' id='word_1_123' title='bbox 2109 1348 2201 1385; x_wconf 78' lang='lat' dir='ltr'>ve-</span> 
     </span>
     <span class='ocr_line' id='line_1_15' title="bbox 537 1412 2199 1481; baseline -0.002 -7"><span class='ocrx_word' id='word_1_124' title='bbox 537 1419 763 1474; x_wconf 75' lang='lat' dir='ltr'>locitatis</span> <span class='ocrx_word' id='word_1_125' title='bbox 790 1412 1072 1468; x_wconf 84' lang='lat' dir='ltr'>vniformis</span> <span class='ocrx_word' id='word_1_126' title='bbox 1098 1456 1113 1481; x_wconf 84' lang='lat'>,</span> <span class='ocrx_word' id='word_1_127' title='bbox 1146 1415 1265 1468; x_wconf 83' lang='lat' dir='ltr'>dico</span> <span class='ocrx_word' id='word_1_128' title='bbox 1292 1413 1404 1468; x_wconf 77' lang='lat' dir='ltr'>vim</span> <span class='ocrx_word' id='word_1_129' title='bbox 1429 1415 1600 1469; x_wconf 76' lang='lat' dir='ltr'>vinam</span> <span class='ocrx_word' id='word_1_130' title='bbox 1623 1433 1691 1469; x_wconf 85' lang='lat' dir='ltr'>ex</span> <span class='ocrx_word' id='word_1_131' title='bbox 1715 1428 1838 1470; x_wconf 83' lang='lat' dir='ltr'>toto</span> <span class='ocrx_word' id='word_1_132' title='bbox 1861 1430 2018 1469; x_wconf 85' lang='lat' dir='ltr'>motu</span> <span class='ocrx_word' id='word_1_133' title='bbox 2038 1416 2199 1470; x_wconf 81' lang='lat' dir='ltr'>resul-</span> 
     </span>
     <span class='ocr_line' id='line_1_16' title="bbox 537 1499 2211 1573; baseline -0.002 -13"><span class='ocrx_word' id='word_1_134' title='bbox 537 1517 739 1560; x_wconf 56' lang='lat' dir='ltr'>tantem</span> <span class='ocrx_word' id='word_1_135' title='bbox 776 1501 830 1554; x_wconf 87' lang='lat' dir='ltr'>in</span> <span class='ocrx_word' id='word_1_136' title='bbox 865 1500 1017 1555; x_wconf 83' lang='lat' dir='ltr'>omni</span> <span class='ocrx_word' id='word_1_137' title='bbox 1050 1500 1147 1555; x_wconf 90' lang='lat' dir='ltr'>s1tu</span> <span class='ocrx_word' id='word_1_138' title='bbox 1180 1502 1279 1556; x_wconf 83' lang='lat' dir='ltr'>effe</span> <span class='ocrx_word' id='word_1_139' title='bbox 1311 1499 1532 1553; x_wconf 74' lang='lat' dir='ltr'>eandem</span> <span class='ocrx_word' id='word_1_140' title='bbox 1569 1515 1620 1554; x_wconf 89' lang='lat' dir='ltr'>et</span> <span class='ocrx_word' id='word_1_141' title='bbox 1651 1499 1921 1572; x_wconf 72' lang='lat' dir='ltr'>aequalem</span> <span class='ocrx_word' id='word_1_142' title='bbox 1940 1501 2047 1568; x_wconf 76' lang='lat' dir='ltr'>illi,</span> <span class='ocrx_word' id='word_1_143' title='bbox 2078 1517 2211 1573; x_wconf 80' lang='lat' dir='ltr'>quae</span> 
     </span>
     <span class='ocr_line' id='line_1_17' title="bbox 539 1586 1978 1664; baseline -0.005 -20"><span class='ocrx_word' id='word_1_144' title='bbox 539 1590 722 1664; x_wconf 69' lang='lat' dir='ltr'>prodit</span> <span class='ocrx_word' id='word_1_145' title='bbox 738 1624 754 1657; x_wconf 85' lang='lat'><strong><em>,</em></strong></span> <span class='ocrx_word' id='word_1_146' title='bbox 781 1587 818 1643; x_wconf 80' lang='lat' dir='ltr'><strong>fi</strong></span> <span class='ocrx_word' id='word_1_147' title='bbox 840 1600 1056 1659; x_wconf 80' lang='lat' dir='ltr'>vterque</span> <span class='ocrx_word' id='word_1_148' title='bbox 1079 1600 1256 1642; x_wconf 75' lang='lat' dir='ltr'>motus</span> <span class='ocrx_word' id='word_1_149' title='bbox 1279 1586 1570 1659; x_wconf 71' lang='lat' dir='ltr'>singulatim</span> <span class='ocrx_word' id='word_1_150' title='bbox 1598 1587 1978 1641; x_wconf 70' lang='lat' dir='ltr'>consideretur.</span> 
     </span>
    </p>
   </div>
   <div class='ocr_carea' id='block_1_3' title="bbox 533 1701 2213 2819">
    <p class='ocr_par' dir='ltr' id='par_1_4' title="bbox 671 1701 2213 1780">
     <span class='ocr_line' id='line_1_18' title="bbox 671 1701 2213 1780; baseline -0.001 -18"><span class='ocrx_word' id='word_1_151' title='bbox 671 1704 1070 1777; x_wconf 72' lang='lat' dir='ltr'>DemwstrcztiO.</span> <span class='ocrx_word' id='word_1_152' title='bbox 1157 1702 1275 1762; x_wconf 84' lang='lat' dir='ltr'>Sint</span> <span class='ocrx_word' id='word_1_153' title='bbox 1298 1701 1417 1780; x_wconf 83' lang='lat' dir='ltr'>(fig.</span> <span class='ocrx_word' id='word_1_154' title='bbox 1461 1710 1546 1779; x_wconf 82' lang='lat'>9.)</span> <span class='ocrx_word' id='word_1_155' title='bbox 1569 1707 1675 1761; x_wconf 87' lang='lat' dir='ltr'>duo</span> <span class='ocrx_word' id='word_1_156' title='bbox 1708 1721 1950 1778; x_wconf 84' lang='lat' dir='ltr'>corpora</span> <span class='ocrx_word' id='word_1_157' title='bbox 1984 1704 2037 1760; x_wconf 89' lang='lat' dir='ltr'>in</span> <span class='ocrx_word' id='word_1_158' title='bbox 2064 1705 2128 1764; x_wconf 89' lang='lat' dir='ltr'><strong>M</strong></span> <span class='ocrx_word' id='word_1_159' title='bbox 2156 1715 2213 1761; x_wconf 84' lang='lat' dir='ltr'>et</span> 
     </span>
    </p>

    <p class='ocr_par' dir='ltr' id='par_1_5' title="bbox 533 1791 2210 2819">
     <span class='ocr_line' id='line_1_19' title="bbox 536 1791 2210 1868; baseline -0.002 -17"><span class='ocrx_word' id='word_1_160' title='bbox 536 1791 620 1863; x_wconf 78' lang='lat' dir='ltr'>N,</span> <span class='ocrx_word' id='word_1_161' title='bbox 653 1812 880 1868; x_wconf 75' lang='lat' dir='ltr'>quorum</span> <span class='ocrx_word' id='word_1_162' title='bbox 906 1807 1148 1849; x_wconf 85' lang='lat' dir='ltr'>centrum</span> <span class='ocrx_word' id='word_1_163' title='bbox 1174 1792 1440 1863; x_wconf 79' lang='lat' dir='ltr'>grauitatis</span> <span class='ocrx_word' id='word_1_164' title='bbox 1476 1793 1549 1848; x_wconf 89' lang='lat' dir='ltr'>est</span> <span class='ocrx_word' id='word_1_165' title='bbox 1573 1793 1625 1847; x_wconf 88' lang='lat' dir='ltr'>in</span> <span class='ocrx_word' id='word_1_166' title='bbox 1653 1794 1699 1851; x_wconf 82' lang='grc' dir='ltr'><em>Β</em></span> <span class='ocrx_word' id='word_1_167' title='bbox 1720 1830 1736 1863; x_wconf 84' lang='lat'>‚</span> <span class='ocrx_word' id='word_1_168' title='bbox 1789 1793 1925 1847; x_wconf 83' lang='lat' dir='ltr'>circa</span> <span class='ocrx_word' id='word_1_169' title='bbox 1951 1794 2091 1863; x_wconf 82' lang='lat' dir='ltr'>quod</span> <span class='ocrx_word' id='word_1_170' title='bbox 2117 1810 2210 1848; x_wconf 90' lang='lat' dir='ltr'>ro·</span> 
     </span>
     <span class='ocr_line' id='line_1_20' title="bbox 533 1873 2208 1954; baseline -0.003 -16"><span class='ocrx_word' id='word_1_171' title='bbox 533 1898 710 1938; x_wconf 72' lang='lat' dir='ltr'>rentur</span> <span class='ocrx_word' id='word_1_172' title='bbox 749 1924 765 1950; x_wconf 58' lang='lat'><em>7</em></span> <span class='ocrx_word' id='word_1_173' title='bbox 830 1883 903 1936; x_wconf 79' lang='lat' dir='ltr'>ita</span> <span class='ocrx_word' id='word_1_174' title='bbox 947 1892 1002 1935; x_wconf 76' lang='lat' dir='ltr'>vt</span> <span class='ocrx_word' id='word_1_175' title='bbox 1037 1896 1237 1954; x_wconf 86' lang='lat' dir='ltr'>corpus</span> <span class='ocrx_word' id='word_1_176' title='bbox 1273 1881 1335 1938; x_wconf 89' lang='lat' dir='ltr'>M</span> <span class='ocrx_word' id='word_1_177' title='bbox 1369 1878 1630 1936; x_wconf 82' lang='lat' dir='ltr'>describat</span> <span class='ocrx_word' id='word_1_178' title='bbox 1663 1879 1916 1934; x_wconf 83' lang='lat' dir='ltr'>circulum</span> <span class='ocrx_word' id='word_1_179' title='bbox 1943 1873 2126 1935; x_wconf 85' lang='lat' dir='ltr'>MGO</span> <span class='ocrx_word' id='word_1_180' title='bbox 2154 1889 2208 1934; x_wconf 87' lang='lat' dir='ltr'>et</span> 
     </span>
     <span class='ocr_line' id='line_1_21' title="bbox 533 1963 2206 2040; baseline -0.003 -16"><span class='ocrx_word' id='word_1_181' title='bbox 533 1987 730 2040; x_wconf 76' lang='lat' dir='ltr'>corpus</span> <span class='ocrx_word' id='word_1_182' title='bbox 750 1963 816 2021; x_wconf 90' lang='lat' dir='ltr'>N</span> <span class='ocrx_word' id='word_1_183' title='bbox 840 1968 995 2022; x_wconf 81' lang='lat' dir='ltr'>alium</span> <span class='ocrx_word' id='word_1_184' title='bbox 1022 1970 1421 2021; x_wconf 86' lang='lat' dir='ltr'>concentricum</span> <span class='ocrx_word' id='word_1_185' title='bbox 1448 1965 1607 2025; x_wconf 83' lang='lat' dir='ltr'>NHS</span> <span class='ocrx_word' id='word_1_186' title='bbox 1639 1979 2029 2038; x_wconf 71' lang='lat' dir='ltr'>mouenturque</span> <span class='ocrx_word' id='word_1_187' title='bbox 2053 1965 2206 2020; x_wconf 72' lang='lat' dir='ltr'>simul</span> 
     </span>
     <span class='ocr_line' id='line_1_22' title="bbox 535 2051 2210 2130; baseline -0.004 -21"><span class='ocrx_word' id='word_1_188' title='bbox 535 2057 792 2130; x_wconf 59' lang='lat' dir='ltr'>punfftum</span> <span class='ocrx_word' id='word_1_189' title='bbox 818 2058 866 2114; x_wconf 82' lang='lat' dir='ltr'>B</span> <span class='ocrx_word' id='word_1_190' title='bbox 891 2053 1175 2107; x_wconf 88' lang='lat' dir='ltr'>secundum</span> <span class='ocrx_word' id='word_1_191' title='bbox 1204 2053 1552 2107; x_wconf 63' lang='lat' dir='ltr'>directionem</span> <span class='ocrx_word' id='word_1_192' title='bbox 1576 2054 1742 2106; x_wconf 78' lang='lat' dir='ltr'>lineae</span> <span class='ocrx_word' id='word_1_193' title='bbox 1765 2051 1881 2119; x_wconf 79' lang='lat' dir='ltr'>RK,</span> <span class='ocrx_word' id='word_1_194' title='bbox 1901 2068 2054 2122; x_wconf 79' lang='lat' dir='ltr'>quam</span> <span class='ocrx_word' id='word_1_195' title='bbox 2093 2051 2210 2124; x_wconf 80' lang='lat' dir='ltr'><strong>sup.</strong></span> 
     </span>
     <span class='ocr_line' id='line_1_23' title="bbox 540 2135 2201 2217; baseline -0.001 -24"><span class='ocrx_word' id='word_1_196' title='bbox 540 2158 695 2217; x_wconf 72' lang='lat' dir='ltr'>pono</span> <span class='ocrx_word' id='word_1_197' title='bbox 738 2139 964 2195; x_wconf 74' lang='lat' dir='ltr'>eandem</span> <span class='ocrx_word' id='word_1_198' title='bbox 1001 2138 1204 2194; x_wconf 80' lang='lat' dir='ltr'>habere</span> <span class='ocrx_word' id='word_1_199' title='bbox 1227 2139 1496 2191; x_wconf 75' lang='lat' dir='ltr'>rationem</span> <span class='ocrx_word' id='word_1_200' title='bbox 1527 2139 1591 2191; x_wconf 81' lang='lat' dir='ltr'>ad</span> <span class='ocrx_word' id='word_1_201' title='bbox 1617 2135 1729 2192; x_wconf 77' lang='lat' dir='ltr'>EM</span> <span class='ocrx_word' id='word_1_202' title='bbox 1754 2177 1769 2203; x_wconf 80' lang='lat'>,</span> <span class='ocrx_word' id='word_1_203' title='bbox 1799 2154 1930 2208; x_wconf 76' lang='lat' dir='ltr'>quae</span> <span class='ocrx_word' id='word_1_204' title='bbox 1953 2138 2028 2192; x_wconf 92' lang='lat' dir='ltr'>est</span> <span class='ocrx_word' id='word_1_205' title='bbox 2058 2138 2201 2192; x_wconf 87' lang='lat' dir='ltr'>inter</span> 
     </span>
     <span class='ocr_line' id='line_1_24' title="bbox 541 2221 2203 2297; baseline -0.003 -12"><span class='ocrx_word' id='word_1_206' title='bbox 541 2230 875 2285; x_wconf 66' lang='lat' dir='ltr'>veiocitatem</span> <span class='ocrx_word' id='word_1_207' title='bbox 934 2225 1112 2297; x_wconf 72' lang='lat' dir='ltr'>punc‘ti</span> <span class='ocrx_word' id='word_1_208' title='bbox 1157 2227 1203 2282; x_wconf 89' lang='lat' dir='ltr'>B</span> <span class='ocrx_word' id='word_1_209' title='bbox 1239 2237 1292 2277; x_wconf 86' lang='lat' dir='ltr'>et</span> <span class='ocrx_word' id='word_1_210' title='bbox 1337 2221 1690 2280; x_wconf 76' lang='lat' dir='ltr'>velocitatem</span> <span class='ocrx_word' id='word_1_211' title='bbox 1737 2241 1836 2294; x_wconf 85' lang='lat' dir='ltr'>qua</span> <span class='ocrx_word' id='word_1_212' title='bbox 1891 2241 2085 2295; x_wconf 82' lang='lat' dir='ltr'>corpus</span> <span class='ocrx_word' id='word_1_213' title='bbox 2140 2223 2203 2280; x_wconf 91' lang='lat' dir='ltr'>M</span> 
     </span>
     <span class='ocr_line' id='line_1_25' title="bbox 538 2307 2206 2384; baseline -0.004 -14"><span class='ocrx_word' id='word_1_214' title='bbox 538 2329 742 2371; x_wconf 71' lang='lat' dir='ltr'>rotatur</span> <span class='ocrx_word' id='word_1_215' title='bbox 805 2313 946 2367; x_wconf 79' lang='lat' dir='ltr'>circa</span> <span class='ocrx_word' id='word_1_216' title='bbox 1014 2313 1261 2384; x_wconf 64' lang='lat' dir='ltr'>punctum</span> <span class='ocrx_word' id='word_1_217' title='bbox 1322 2307 1369 2363; x_wconf 86' lang='lat' dir='ltr'><strong>B</strong></span> <span class='ocrx_word' id='word_1_218' title='bbox 1405 2345 1420 2376; x_wconf 90' lang='lat'>‚</span> <span class='ocrx_word' id='word_1_219' title='bbox 1470 2311 1612 2364; x_wconf 69' lang='lat' dir='ltr'>vnde</span> <span class='ocrx_word' id='word_1_220' title='bbox 1664 2309 1773 2365; x_wconf 78' lang='grc' dir='ltr'>ΒΜ</span> <span class='ocrx_word' id='word_1_221' title='bbox 1839 2325 1894 2366; x_wconf 88' lang='lat' dir='ltr'>et</span> <span class='ocrx_word' id='word_1_222' title='bbox 1952 2309 2065 2369; x_wconf 87' lang='lat' dir='ltr'>BN</span> <span class='ocrx_word' id='word_1_223' title='bbox 2121 2327 2206 2364; x_wconf 88' lang='lat' dir='ltr'>re-</span> 
     </span>
     <span class='ocr_line' id='line_1_26' title="bbox 535 2395 2204 2472; baseline -0.002 -17"><span class='ocrx_word' id='word_1_224' title='bbox 535 2398 947 2472; x_wconf 76' lang='lat' dir='ltr'>praesentabunt</span> <span class='ocrx_word' id='word_1_225' title='bbox 1007 2397 1308 2452; x_wconf 72' lang='lat' dir='ltr'>velocitates</span> <span class='ocrx_word' id='word_1_226' title='bbox 1379 2413 1675 2468; x_wconf 78' lang='lat' dir='ltr'>corporum</span> <span class='ocrx_word' id='word_1_227' title='bbox 1746 2398 1812 2454; x_wconf 93' lang='lat' dir='ltr'>M</span> <span class='ocrx_word' id='word_1_228' title='bbox 1885 2411 1939 2453; x_wconf 87' lang='lat' dir='ltr'>et</span> <span class='ocrx_word' id='word_1_229' title='bbox 2003 2395 2065 2455; x_wconf 90' lang='lat' dir='ltr'>N</span> <span class='ocrx_word' id='word_1_230' title='bbox 2118 2414 2204 2452; x_wconf 78' lang='lat' dir='ltr'>ra-</span> 
     </span>
     <span class='ocr_line' id='line_1_27' title="bbox 534 2482 2203 2554; baseline -0.002 -14"><span class='ocrx_word' id='word_1_231' title='bbox 534 2488 684 2540; x_wconf 66' lang='lat' dir='ltr'>tione</span> <span class='ocrx_word' id='word_1_232' title='bbox 732 2498 908 2539; x_wconf 76' lang='lat' dir='ltr'>motus</span> <span class='ocrx_word' id='word_1_233' title='bbox 957 2484 1212 2539; x_wconf 79' lang='lat' dir='ltr'>rotatorii</span> <span class='ocrx_word' id='word_1_234' title='bbox 1266 2496 1320 2538; x_wconf 88' lang='lat' dir='ltr'>et</span> <span class='ocrx_word' id='word_1_235' title='bbox 1378 2482 1475 2539; x_wconf 84' lang='grc' dir='ltr'>ΒΚ</span> <span class='ocrx_word' id='word_1_236' title='bbox 1530 2482 1799 2554; x_wconf 84' lang='lat' dir='ltr'>exprimet</span> <span class='ocrx_word' id='word_1_237' title='bbox 1855 2484 2203 2539; x_wconf 80' lang='lat' dir='ltr'>ve10citatem</span> 
     </span>
     <span class='ocr_line' id='line_1_28' title="bbox 538 2567 2203 2643; baseline -0.002 -16"><span class='ocrx_word' id='word_1_238' title='bbox 538 2571 711 2643; x_wconf 53' lang='lat' dir='ltr'>puncti</span> <span class='ocrx_word' id='word_1_239' title='bbox 745 2569 792 2626; x_wconf 86' lang='lat' dir='ltr'>B</span> <span class='ocrx_word' id='word_1_240' title='bbox 822 2571 1018 2624; x_wconf 72' lang='lat' dir='ltr'>ratione</span> <span class='ocrx_word' id='word_1_241' title='bbox 1051 2569 1265 2624; x_wconf 78' lang='lat' dir='ltr'>alterius</span> <span class='ocrx_word' id='word_1_242' title='bbox 1301 2583 1477 2625; x_wconf 79' lang='lat' dir='ltr'>motus</span> <span class='ocrx_word' id='word_1_243' title='bbox 1515 2592 1534 2640; x_wconf 76' lang='lat'><em>3</em></span> <span class='ocrx_word' id='word_1_244' title='bbox 1567 2585 1618 2625; x_wconf 90' lang='lat' dir='ltr'>et</span> <span class='ocrx_word' id='word_1_245' title='bbox 1654 2567 1762 2639; x_wconf 82' lang='lat' dir='ltr'>ipsa</span> <span class='ocrx_word' id='word_1_246' title='bbox 1789 2585 2031 2642; x_wconf 78' lang='lat' dir='ltr'>corpora</span> <span class='ocrx_word' id='word_1_247' title='bbox 2061 2570 2124 2625; x_wconf 91' lang='lat' dir='ltr'>M</span> <span class='ocrx_word' id='word_1_248' title='bbox 2148 2583 2203 2624; x_wconf 87' lang='lat' dir='ltr'>et</span> 
     </span>
     <span class='ocr_line' id='line_1_29' title="bbox 540 2652 2202 2733; baseline -0.004 -20"><span class='ocrx_word' id='word_1_249' title='bbox 540 2655 602 2713; x_wconf 79' lang='lat' dir='ltr'>N</span> <span class='ocrx_word' id='word_1_250' title='bbox 634 2659 992 2733; x_wconf 70' lang='lat' dir='ltr'>exprimentur</span> <span class='ocrx_word' id='word_1_251' title='bbox 1018 2657 1288 2730; x_wconf 69' lang='lat' dir='ltr'>pertineas</span> <span class='ocrx_word' id='word_1_252' title='bbox 1313 2652 1425 2712; x_wconf 84' lang='lat' dir='ltr'>BN</span> <span class='ocrx_word' id='word_1_253' title='bbox 1449 2672 1505 2715; x_wconf 82' lang='lat' dir='ltr'>et</span> <span class='ocrx_word' id='word_1_254' title='bbox 1528 2656 1656 2729; x_wconf 78' lang='grc' dir='ltr'>ΒΜ,</span> <span class='ocrx_word' id='word_1_255' title='bbox 1699 2657 1818 2729; x_wconf 83' lang='lat' dir='ltr'>quia</span> <span class='ocrx_word' id='word_1_256' title='bbox 1843 2656 2038 2714; x_wconf 78' lang='lat' dir='ltr'>maffae</span> <span class='ocrx_word' id='word_1_257' title='bbox 2067 2655 2202 2711; x_wconf 84' lang='lat' dir='ltr'>reci-</span> 
     </span>
     <span class='ocr_line' id='line_1_30' title="bbox 2066 2758 2196 2819; baseline -0.008 -20"><span class='ocrx_word' id='word_1_258' title='bbox 2066 2758 2196 2819; x_wconf 84' lang='lat' dir='ltr'>pto·</span> 
     </span>
    </p>
   </div>
  </div>
 </body>
</html>
