2393 3590
656 177 771 238 DE
834 173 1342 246 CIMMERHS.
1562 191 1574 204 s
1743 206 1867 272 421

357 336 453 399 Sol
471 333 631 391 omnia
654 333 953 407 collustrans
970 382 984 407 ,
999 337 1157 394 radiis
1163 335 1279 410 suis
1302 337 1530 411 respicit,

357 419 548 501 thote
582 440 695 478 cum
724 422 1019 499 miserabilis
1054 425 1418 499 mg‘serabilibus
1439 426 1641 503 populis
1668 428 1876 488 incubat

242 579 245 581 ι
1080 529 1195 567 nox.

195 598 336 661 Orta
361 598 434 653 est
462 596 636 652 fabula
665 612 733 650 ex
757 599 1011 655 vocabuli
1034 600 1495 672 interpretatione.
1540 598 1591 658 E
1610 598 1870 661 Gomeri-

196 691 261 745 tis
282 687 454 745 Ionici
477 682 665 756 populi
694 685 1001 764 Κιμμεξίες
1027 688 1204 742 fecere
1228 730 1243 757 ,
1276 688 1396 743 inde
1420 691 1707 762 posteritas
1750 711 1870 749 cre-

194 768 627 847 didit,Xequegt'8<3
657 771 820 826 dic‘tos
848 772 991 830 fuiffe
1014 776 1080 830 ab
1103 776 1270 847 hyeme
1298 784 1345 829 et
1371 778 1757 853 tempestatibus.
1805 783 1879 837 Et

195 865 265 921 fic
295 875 504 934 quoque
528 858 577 910 in
602 857 911 926 quibusdam
937 860 1173 919 Homeri
1196 864 1590 937 exemplaribus
1614 864 1879 942 scriptum

189 948 558 1010 fuifl‘eminora
591 942 791 1000 scholia
818 950 1088 1018 testantur,
1121 968 1224 1021 pro
1250 965 1356 1022 quo
1393 949 1687 1029 Κεξξεξῖες
1711 972 1877 1028 repo-

188 1037 279 1093 suit
302 1032 495 1091 Crates
527 1031 807 1090 Malleota.
897 1031 997 1087 Ad
1028 1037 1138 1088 vim
1173 1037 1311 1090 illius
1339 1039 1495 1093 vocis
1524 1041 1733 1096 acceffit
1779 1043 1874 1097 ali-

188 1141 288 1198 qua
312 1135 498 1174 eorum
527 1119 763 1171 narratio
792 1153 807 1184 ‚
845 1120 929 1189 qui
951 1119 1004 1172 in
1030 1115 1211 1172 Ponto
1238 1124 1636 1191 nauigauerant.
1719 1128 1876 1187 Nam
1909 1152 1912 1154 ·

186 1207 331 1282 quod
365 1204 619 1261 Thomas
660 1199 829 1275 Hyde
862 1206 915 1258 in
946 1206 1223 1261 itineribus
1260 1209 1440 1261 mundi
1478 1208 1874 1286 animaduertit,

182 1295 267 1372 (3)
295 1294 541 1366 quodque
578 1291 645 1344 ab
676 1293 898 1347 oculatis
925 1292 1345 1365 accepitestibus
1376 1330 1390 1361 ‚
1431 1306 1610 1352 totum
1639 1298 1874 1356 Pontum

182 1380 1015 1454 regionesquelittorumillorum
1042 1381 1196 1436 densa
1217 1394 1269 1434 et
1292 1379 1568 1438 tenebrosa
1594 1385 1876 1443 nebulain-

173 1512 342 1570 festat.
473 1510 718 1565 Idcirco·
750 1504 950 1567 Pontus
1010 1509 1206 1567 Turcis
1239 1459 1443 1634 ss
1497 1507 1641 1643 V
1685 1518 1882 1580 Karai-h

178 1640 345 1718 Dekst
364 1653 414 1696 et
439 1638 606 1696 hodie
634 1635 849 1697 Graecis
874 1643 1375 1718 Μαυᾶοθάλασσα
1398 1692 1411 1717 ,
1450 1664 1506 1703 vt
1535 1649 1689 1706 nobis
1716 1651 1856 1710 Ma-

177 1750 237 1790 re
264 1731 466 1801 nigrum
499 1743 741 1785 vocatur.
841 1728 905 1783 Id
939 1750 968 1784 e
1003 1733 1221 1785 vetustis
1261 1736 1549 1789 clariffime
1581 1739 1867 1794 confirmat

178 1819 547 1890 Hippocrates
577 1818 631 1870 in
656 1815 801 1870 libro
834 1817 902 1870 de
937 1834 1062 1871 aere
1090 1854 1103 1885 ‚
1142 1821 1296 1892 aquis
1322 1830 1371 1874 et
1401 1820 1521 1875 locis
1541 1842 1551 1874 :
1573 1817 1657 1896 (³³4⁵)
1686 1843 1867 1883 aerem

179 1906 390 1961 enimin
419 1901 634 1975 Scythia
670 1903 981 1974 plerumque
1010 1917 1156 1958 totos
1197 1906 1310 1961 dies
1342 1909 1578 1965 nubilum
1607 1913 1705 1965 effe
1740 1913 1867 1966 scri·
1956 1934 1969 1947 t

175 1993 282 2055 bit,
320 1992 405 2045 ied
433 1991 487 2044 in
506 1989 822 2046 immensum
845 2004 1056 2060 quoque
1085 2007 1385 2064 exaggerat
1414 2037 1427 2063 ‚
1471 2009 1743 2067 tamquam
1770 2002 1864 2055 vix

173 2079 360 2152 paucis
400 2077 580 2140 diebus
617 2075 784 2129 aestas
816 2076 892 2144 sit,
927 2089 1164 2133 ceterum
1190 2078 1363 2134 hiems
1389 2082 1443 2136 in
1464 2082 1536 2137 his
1562 2086 1863 2152 regionibus

175 2166 435 2222 desaeuiat
470 2201 485 2232 ,
542 2176 595 2217 et
633 2180 768 2233 quae
793 2162 906 2219 sunt
936 2181 1008 2218 ex
1033 2182 1103 2219 eo
1133 2184 1326 2238 genere
1353 2170 1452 2223 alia
1479 2172 1613 2240 apud
1642 2171 1862 2246 Hippo-

176 2254 396 2309 cratem.
490 2247 592 2307 Ob
622 2267 737 2304 rem
758 2263 867 2305 tam
891 2268 1138 2323 paruam,
1171 2267 1252 2308 tot
1286 2257 1350 2310 de
1378 2255 1694 2312 Cimmeriis
1723 2272 1863 2314 tene-

177 2341 292 2396 bris
313 2331 711 2408 ἐπιφυλλίδες
745 2357 780 2413 {¹7
810 2336 1164 2414 ςωμύλματα
1213 2359 1242 2396 e
1274 2340 1430 2396 fertili
1458 2358 1744 2413 poetarum*
1777 2351 1854 2401 in-

176 2429 336 2502 geno
360 2426 799 2496 propunularunt.
906 2423 1208 2498 Scriptores
1240 2432 1569 2498 argonautici
1600 2431 1683 2486 his
1708 2434 1857 2489 fabu-

178 2518 241 2571 lis
265 2512 468 2566 scenam
491 2513 852 2567 instruxerunt.
943 2514 1116 2570 Iidem
1132 2514 1467 2571 Cimmerios
1493 2518 1643 2591 super
1671 2515 1851 2576 Ponto

180 2604 246 2658 ad
268 2598 505 2657 Tanaim
529 2599 855 2673 protendunt
882 2643 895 2670 ‚
934 2614 997 2656 vt
1033 2617 1147 2657 tum
1172 2604 1316 2659 fuere
1344 2606 1462 2675 siti,
1506 2624 1625 2663 cum
1658 2607 1853 2665 heroes

925 2684 1120 2764 ‘Ggg
1169 2706 1199 2767 3
1605 2776 1607 2778 Ι
1780 2698 1857 2752 iili

299 2851 376 2911 (3)
446 2833 495 2916 1>ss
520 2868 589 2915 57·
654 2854 732 2918 <*>
802 2870 948 2919 πυτς·
