2393 3590
468 50 507 57 ”
557 64 909 132 SVRSVM
945 63 1574 135 BROJECTORVM„
1713 132 1721 139 .
1778 94 1885 161 342:

220 230 303 289 ior
327 222 580 286 altitudine
624 257 641 292 ‚
701 221 771 278 ad
809 239 963 298 qnam
995 224 1273 298 peruenire
1308 226 1468 300 potest
1496 226 1544 282 in
1575 227 1730 284 medio
1773 229 1891 307 rest,

209 315 382 392 flenti.
477 306 721 387 Vtraque
745 327 871 366 vero
901 311 1095 367 iterum
1131 313 1198 388 est
1237 314 1473 388 infinita.

370 394 499 455 Hae
523 398 922 472 propositiones
948 402 1150 474 partim
1193 400 1296 456 iam
1325 402 1377 456 in
1412 404 1761 475 praecedenti
1793 423 1888 478 pa·

219 487 488 562 ragrapho
514 485 903 542 demonstratae
926 488 1128 542 fuerunt
1152 522 1169 556 ,
1230 488 1429 561 partim
1467 491 1656 548 eadem
1687 493 1889 552 methO.

223 575 300 631 do
335 574 572 632 adhibitis
595 570 844 628 formulis
897 572 1192 630 ascensuum
1243 576 1547 649 quantitates
1591 580 1893 637 denotanti.

222 663 322 718 bus
352 661 702 718 demonstrari
732 661 959 732 possunt.
1077 661 1370 720 Caeterum
1401 666 1576 720 notari
1624 680 1855 723 meretur
1881 711 1898 741 ‚

221 766 400 805 aerem
417 764 574 821 quem
584 746 854 822 posuimus
877 747 1018 804 ferro
1042 750 1122 821 76
1142 761 1216 825 50
1242 750 1446 807 vicibus
1468 753 1746 822 leuiorem,
1780 767 1898 810 tan.

222 848 335 892 tam
362 849 539 891 tamen
586 834 928 891 resistentiam
968 835 1220 893 exeruisse
1256 838 1312 892 in
1358 837 1582 912 globum
1618 839 1848 896 ferreum
1873 879 1892 912 ,

220 939 344 979 cum
381 934 483 1002 45.
529 923 656 981 min,
690 920 793 982 sec.
821 924 877 976 in
912 940 1035 979 aere
1072 939 1534 996 commoraretur,
1561 939 1622 983 vt
1647 929 1823 986 eidem
1853 927 1895 1000 ξς

214 1022 396 1085 partes
422 1008 686 1066 abstulerit
704 1009 759 1064 in
781 1006 1004 1065 ascensu.

355 1130 493 1189 XV.
584 1128 745 1186 Licet
769 1148 982 1204 quoque
1001 1148 1071 1188 ex
1095 1129 1276 1188 tabulis
1309 1134 1608 1205 praemissis
1632 1138 1894 1209 quaedam

215 1216 470 1290 colligere
493 1217 632 1272 circa
652 1219 767 1273 vim
794 1221 1028 1291 pulueris
1056 1221 1221 1293 pyrii:
1269 1217 1407 1277 Sunt
1429 1222 1610 1293 Vtique
1634 1225 1778 1279 vires
1795 1228 1894 1280 im-

210 1306 415 1376 pressae
429 1304 604 1372 globis
616 1319 672 1359 vt
691 1305 987 1363 altitudines
1013 1308 1077 1363 ad
1103 1308 1296 1380 quasin
1319 1325 1491 1365 vacuo
1508 1307 1694 1382 globus
1721 1311 1894 1365 ascen-

217 1390 346 1443 dere
368 1390 577 1460 potest:
619 1389 678 1444 In
704 1392 884 1461 prima
921 1408 1097 1449 autem
1131 1394 1309 1451 tabula
1342 1397 1572 1452 vidimus
1600 1396 1895 1454 altitudines

205 1476 323 1531 illas
354 1471 460 1529 effe
495 1488 554 1530 vt
588 1472 802 1555 13694
849 1480 913 1535 ad
963 1493 1076 1560 541
1109 1480 1198 1537 seu
1229 1483 1345 1538 fere
1378 1496 1441 1539 vt
1469 1481 1553 1540 26
1584 1483 1650 1539 ad
1685 1499 1737 1553 1,
1769 1503 1893 1541 cum

207 1564 516 1638 quantitates
538 1562 761 1635 pulueris
785 1581 933 1622 erant
958 1581 1020 1623 vt
1044 1582 1089 1646 4
1110 1569 1175 1624 ad
1210 1585 1261 1627 1.
1350 1572 1519 1629 Vnde
1551 1587 1774 1646 apparet
1803 1575 1884 1627 vi-

200 1658 303 1706 ‘res
334 1650 562 1721 pulueris
596 1651 648 1703 in
680 1651 896 1724 globum
924 1655 1333 1725 propellendum
1375 1658 1544 1712 multo
1579 1660 1779 1714 maiori
1803 1653 1885 1714 ra-

210 1738 360 1793 tione
384 1737 620 1793 crescere
645 1755 803 1811 quam
828 1739 1068 1796 eiusdem
1089 1742 1318 1814 pulueris
1341 1744 1599 1815 pondera.
1698 1745 1885 1802 Ratio-

210 1842 334 1881 nem
371 1825 524 1881 huius
570 1823 932 1896 phaenomeni
971 1829 1119 1883 aliam
1163 1829 1349 1900 assequi
1399 1847 1605 1903 nequeo
1644 1872 1659 1899 ,
1728 1850 1890 1905 quam

208 1913 358 1988 quod
396 1913 638 1968 maxima
675 1930 795 1983 pars
832 1914 1056 1983 pulueris
1092 1915 1297 1969 accensi
1322 1916 1546 1971 transeat
1580 1933 1679 1991 per
1708 1917 1892 1992 lumen

204 1996 566 2057 accensorium
596 2011 647 2054 et
667 2016 766 2071 per
789 1998 1148 2056 hiatumillum
1161 2004 1300 2056 inter
1316 2003 1546 2076 globum
1575 2019 1627 2059 et
1656 2008 1890 2061 animam

209 2088 473 2143 tormenti
498 2087 887 2159 interceptum,
920 2089 1169 2161 quodque
1188 2089 1316 2145 haec
1338 2091 1570 2162 pulueris
1594 2110 1715 2164 pars
1738 2095 1888 2150 inuti-

207 2174 264 2230 lis
287 2178 339 2229 in
362 2174 522 2242 longe
536 2175 738 2229 minori
764 2174 1246 2245 adsitratione‚cum
1262 2177 1445 2251 ingens
1479 2179 1707 2253 pulueris
1730 2197 1892 2253 quaii-

209 2266 330 2318 titas
349 2259 815 2333 adhibetur‚quam
837 2277 962 2316 cum
992 2259 1472 2334 parua.Caeterum
1492 2268 1545 2321 id
1580 2283 1792 2338 quoque
1815 2285 1886 2323 ex

215 2349 586 2420 experimentis
612 2348 877 2423 colligere
897 2350 1019 2404 licet
1053 2385 1067 2416 ‚
1112 2349 1493 2406 considerando
1517 2355 1801 2425 puluerem
1827 2369 1888 2410 vt

217 2449 384 2491 aerem
429 2434 950 2491 condensatiffimum
977 2472 992 2504 ,
1037 2434 1236 2491 scilicet
1269 2440 1409 2494 vires
1435 2440 1568 2493 aeris
1602 2440 1886 2498 densissimi

221 2518 270 2571 in
301 2523 468 2577 multo
507 2523 713 2577 maiori
759 2524 998 2592 ratione,
1023 2541 1187 2596 quam
1229 2524 1503 2582 densitates
1539 2569 1553 2595 ‚
1597 2526 1880 2603 crescere3

223 2602 449 2685 iabducto
475 2611 621 2666 enim
649 2610 859 2666 calculo
901 2651 915 2680 ‚
952 2612 1127 2665 inueni
1167 2628 1344 2668 aerem
1385 2613 1609 2669 naturali
1630 2615 1878 2686 quingen-

1028 2697 1147 2756 Vv
1196 2710 1228 2770 3
1811 2703 1882 2758 tie

1711 2782 1787 2798 ’-
