2393 3590
157 2270 274 2317 Tala.
310 2267 392 2319 VI.

456 211 543 296 64
904 202 1020 266 DE
1105 197 1633 270 mmmmm.

457 367 582 422 dem
602 365 861 430 retineat,
897 363 1236 437 crenulaeque
1269 364 1667 422 extremitatum
1692 361 1889 419 lineam
1921 361 2122 422 rectam

456 453 766 509 conseruent
793 464 846 506 et
867 450 937 505 fic
960 450 1252 507 iustificatio
1276 453 1497 508 bilancis
1519 455 1623 506 erit
1651 449 1895 524 perfecta.

614 554 705 596 12.
794 534 950 592 Haec
976 539 1042 593 de
1069 537 1354 595 bilancibus
1379 540 1573 611 absque
1597 538 1812 608 lingula.
1901 535 1958 595 Si
1992 550 2124 592 vero

458 627 643 682 bilanx
662 625 861 698 lingula
888 637 1168 696 expetatur
1204 628 1499 681 instruenda
1520 668 1534 695 ⁷
1590 625 1830 680 firmetur
1863 625 1913 678 in
1949 624 2130 696 ephip-

458 717 556 788 pio
606 711 801 783 lingula
837 713 1019 767 exaste
1058 710 1206 784 super
1246 714 1454 767 creuula
1490 708 1890 783 hypomochlio
1919 710 2121 780 dicata,

458 800 657 872 reliqua
681 797 861 854 omnia
887 798 1017 852 fiant
1042 810 1100 850 vt
1120 798 1171 851 in
1201 798 1539 852 antecedenti
1579 795 1930 866 descriptione
1963 795 2123 849 tradi-

458 900 537 953 ti,
570 886 744 940 modo
772 900 869 954 per
894 882 1198 955 ephippium
1223 883 1515 936 traiiciatur
1538 894 1593 936 et
1613 882 1846 954 prodeat
1872 880 2126 952 axiculu3‚

461 973 550 1027 ille
573 972 842 1024 instruatur
877 979 935 1021 vt
965 965 1108 1038 Cap.
1151 966 1191 1023 I.
1239 966 1281 1028 (ᾗ.
1316 983 1417 1027 21.
1447 982 1544 1040 23.
1573 982 1674 1047 24.
1704 981 1808 1041 25.
1835 967 2038 1023 dietum
2071 980 2124 1024 et

456 1069 580 1112 tunc
601 1054 781 1126 scapus
812 1054 862 1108 in
885 1052 1150 1126 ephippio
1181 1048 1284 1107 erit
1320 1053 1555 1113 mobilis,
1659 1053 1843 1109 Trabs
1871 1069 2000 1107 vero
2020 1053 2122 1108 im-

458 1154 693 1216 ponatur
717 1143 770 1194 in
794 1140 1003 1212 aginam
1023 1140 1164 1193 iuxta
1187 1137 1380 1210 Cap.I.
1405 1139 1535 1209 Reg.
1564 1142 1644 1199 X.
1676 1139 1717 1211 ᾗ.
1757 1150 1856 1211 27.
1895 1139 2121 1195 adorna-

458 1243 590 1284 tam.
676 1225 888 1281 Lineali
914 1241 1047 1280 vero
1073 1223 1225 1280 BBB
1254 1242 1377 1279 cum
1408 1226 1596 1280 lamina
1620 1225 2052 1299 perpendiculari
2071 1243 2123 1279 w

459 1316 546 1374 hic
572 1329 709 1384 opus
728 1328 838 1367 non
866 1312 976 1366 erit.
1063 1310 1164 1365 Ad
1192 1309 1332 1365 hunc
1354 1311 1582 1366 modum
1605 1315 1834 1367 maiores
1857 1311 2018 1365 etiam
2043 1311 2120 1365 bi-

460 1403 635 1457 lances
668 1398 914 1452 adornari
939 1393 1171 1468 poss‘unt,
1223 1400 1295 1452 ita
1334 1410 1391 1452 vt
1425 1396 1491 1451 ad
1524 1398 1911 1471 praepondium
1944 1398 2124 1454 oneris

461 1487 742 1546 minimum
765 1484 1109 1540 indicandum
1135 1496 1280 1558 aptae
1306 1484 1650 1540 inueniantur.

1099 1661 1285 1774 Cap.
1385 1663 1519 1744 IV.

462 1819 585 1901 De
677 1815 939 1900 bilance
1026 1817 1469 1904 docimastica
1531 1815 1890 1930 singulari
1946 1840 2124 1933 pon-

631 1945 914 2028 diaeum
953 1949 1380 2059 probatoria
1420 1946 1593 2032 mole
1631 1956 1829 2033 octies
1867 1955 2127 2031 auctio.

630 2103 724 2154 ra
773 2074 1210 2158 admittente.

623 2245 677 2290 1.
762 2226 1028 2287 Animum
1078 2232 1301 2302 denique
1328 2225 1536 2287 &induxi
1572 2232 1829 2288 eiusmodi
1857 2233 2122 2291 bilancem

464 2315 836 2390 probatoriam
864 2317 1142 2371 conficere
1164 2335 1294 2389 quae
1313 2320 1630 2389 ponderibus
1657 2322 1931 2376 ordinariis
1955 2325 2124 2381 octies

467 2403 768 2460 maioribus
819 2420 954 2458 onus
992 2404 1155 2458 octies
1188 2406 1358 2459 minus
1393 2407 1634 2461 indicare
1665 2408 1868 2475 valeat,
1929 2414 2123 2466 eumin

469 2489 633 2544 finem
664 2503 721 2543 vt
742 2490 980 2560 pondera
1002 2489 1321 2561 probatoria
1344 2510 1412 2547 eo
1440 2496 1673 2549 exaffius
1697 2496 1752 2549 in
1782 2496 1996 2549 minima
2037 2497 2117 2549 di-

468 2575 572 2630 uidi
597 2576 804 2646 poffint.
914 2573 981 2630 E.
1012 2573 1232 2649 g.Onus
1264 2578 1513 2634 drachma
1530 2597 1687 2650 graue
1714 2581 2124 2648 aequipondera-

473 2661 554 2714 bit
598 2661 815 2731 ponderi
855 2665 975 2718 osto
1015 2662 1383 2718 drachmarum
1434 2662 1515 2717 seu
1558 2666 1753 2717 vnciae.
1849 2662 1900 2717 Si
1947 2664 2122 2737 itaque

474 2747 726 2802 drachma
752 2750 802 2801 in
837 2761 958 2807 100
984 2761 1157 2822 partes
1183 2749 1489 2818 diuidenda,
1527 2764 1646 2804 tunc
1674 2751 1806 2804 loco
1843 2749 2123 2808 drachmae

1966 2841 2124 2895 vncia
