2393 3590
274 827 456 890 Phaet).
467 846 508 914 4

372 2647 457 2732 48

567 142 684 206 281
1115 138 1232 197 DE
1321 135 1682 198 TVBVLIS

571 297 646 351 est
671 298 721 352 in
747 294 910 354 caussa
932 297 1184 377 proxima
1205 292 1412 369 speciali
1439 328 1455 363 ‚
1495 292 1777 366 aliquando
1804 294 1962 350 etiam
1988 293 2045 350 in
2071 292 2230 368 phae-

569 401 806 439 nomeno
833 387 1077 458 generali.

708 470 804 529 LI.
892 470 1032 526 Cum
1053 471 1177 524 hacc
1200 469 1371 540 prima
1392 465 1516 520 vice
1538 466 1899 537 expenderem
1914 501 1930 533 ‚
1977 468 2142 524 visum
2161 468 2235 523 est

571 556 692 611 dari
718 556 1133 628 phaenomenon
1157 555 1288 610 aliud
1308 595 1321 622 ‚
1355 553 1497 623 quod
1519 551 1758 627 impediat
1772 549 2044 624 fortiorem
2073 572 2234 628 aquae

572 643 638 696 ad
663 643 856 697 vitrum
888 686 902 712 ,
947 646 1104 714 quam
1127 642 1193 695 ad
1230 638 1450 711 seipsam
1487 638 1710 693 concedi
1735 637 2101 696 attractionem
2131 683 2146 711 ‚
2182 654 2237 697 et

569 725 844 784 fortiorem
868 730 1113 783 mercurii
1135 729 1200 782 ad
1228 726 1278 781 se
1304 767 1318 794 ‚
1351 741 1509 797 quam
1535 727 1601 781 ad
1624 725 1824 781 vitrum.

814 806 1076 894 46,Cum
1103 831 1234 886 aqua
1256 826 1402 867 trans
1419 811 1605 867 tubum
1641 812 1837 884 sugitur
1867 811 2119 886 gracilem
2145 856 2160 884 ‚
2202 814 2239 869 i-

579 900 806 973 demque
833 900 1080 956 madidus
1108 900 1508 955 horizontaliter
1534 901 1805 970 reponitur
1825 919 1841 967 3
1858 899 2135 955 obseruare
2167 897 2235 954 li-

578 998 667 1041 cet
696 1029 710 1055 ‚
736 988 1028 1061 particulas
1062 1003 1230 1061 aquae
1275 985 1535 1045 lateribus,
1564 986 1763 1041 fistulae
1790 986 1997 1042 internis
2030 985 2229 1042 adhae-

574 1086 792 1143 rentes,
837 1073 1017 1130 senfim
1047 1073 1340 1144 senfimque
1361 1071 1496 1127 coire
1527 1072 1581 1126 in
1619 1071 1903 1143 cylindrulos
1930 1084 2243 1146 aqueos‚to-

572 1170 686 1214 tam
708 1161 973 1216 internam
1013 1160 1297 1215 cauitatem
1326 1160 1588 1232 replentes
1620 1179 1637 1228 ·,
1672 1159 1939 1215 terminari
1959 1160 2084 1216 illos
2103 1160 2237 1215 vero

566 1245 937 1319 superficiebus
961 1248 1224 1302 concaui&

705 1334 790 1389 Ex
817 1333 1031 1389 aduerso
1059 1334 1347 1385 mercurius
1372 1365 1387 1397 ,
1425 1345 1454 1385 a
1477 1345 1583 1403 quo
1612 1330 1811 1387 coitum
1838 1332 1889 1385 in
1909 1330 2121 1387 bullulas
2141 1349 2230 1389 ex-

574 1421 930 1490 peEtaueram,
966 1434 1075 1472 non
1114 1418 1267 1472 coire
1290 1460 1305 1487 ‚
1354 1415 1443 1471 sed
1476 1418 1643 1490 longa
1667 1418 1792 1472 serie
1818 1417 2146 1475 continuatus
2168 1421 2245 1474 in-

577 1505 820 1558 ordinate
847 1505 900 1558 in
924 1504 1052 1558 tubo
1080 1504 1346 1577 ampliore
1368 1503 1498 1562 visus
1523 1506 1593 1559 est
1629 1503 1902 1576 quiescere.
1986 1503 2049 1560 Id
2071 1507 2243 1561 maio-

573 1606 686 1644 rem
716 1590 839 1644 vitri
880 1593 1247 1649 attractionem
1288 1591 1582 1646 ostendisset
1602 1592 1807 1646 ratione
1832 1591 2114 1659 mercurii,
2152 1590 2249 1646 nist
2290 1642 2304 1652 ,
2357 1638 2364 1645 .

573 1676 924 1747 postmodum
953 1677 1452 1748 animaduertissem,
1493 1678 1758 1749 impurum
1783 1694 1905 1733 eum
1928 1677 2066 1749 effe,
2116 1693 2236 1740 quer

567 1765 678 1818 lem
706 1763 958 1820 diducere
994 1766 1160 1820 etiam
1189 1764 1334 1839 super
1363 1765 1544 1821 charta
1572 1765 1654 1819 vel
1678 1765 1852 1838 ligno
1893 1782 1925 1813 ’τ
2016 1762 2104 1815 ζ”.α

812 1862 918 1929 47
949 1849 1031 1908 M
1031 1869 1182 1909 erem
1183 1870 1281 1907 mm
1313 1853 1585 1924 puriorem
1612 1851 1667 1907 in
1698 1852 1731 1906 f
1739 1847 1865 1902 stula
1893 1851 2058 1902 etiam
2083 1866 2239 1945 angu-

573 1937 716 1992 stiori
737 1939 885 1992 coire
901 1939 1087 2011 primo
1114 1941 1166 1994 in
1180 1938 1534 2012 sphaerulas,
1572 1952 1639 2009 et,
1642 1938 1680 1993 fi
1706 1934 1825 1989 illae
1861 1946 2173 2007 augeantur,
2185 1936 2237 1989 in

571 2025 896 2081 columnulas
935 2026 1259 2096 cylindricas
1283 2063 1298 2093 ‚
1335 2025 1616 2098 superficie
1652 2034 1822 2077 autem
1863 2036 2102 2075 conuexa
2133 2033 2237 2076 ter-

570 2113 785 2166 minatas
811 2109 1078 2167 manifeste
1104 2113 1271 2185 patuit
1290 2114 1527 2185 repetitis
1550 2103 1936 2166 tentaminibUS.

727 2194 1067 2254 Postremum
1111 2201 1218 2255 hoc
1260 2200 1419 2271 plane
1459 2195 1705 2253 conuenit
1739 2190 2040 2246 Iurinianae
2064 2191 2239 2264 hypo-

581 2281 734 2352 thefi,
766 2302 931 2357 neque
967 2286 1386 2358 phaenomenon
1417 2297 1580 2353 aquae
1601 2276 2124 2347 PenffsUSfldUfflsfltUl‘
2147 2320 2161 2347 a
2203 2278 2243 2334 fi

581 2366 682 2419 huc
709 2372 988 2426 transferas
1011 2414 1026 2439 ,
1069 2373 1212 2443 quod
1255 2372 1347 2424 alia
1378 2365 1658 2420 occasione
1694 2359 1754 2417 V
1752 2364 1802 2419 ir
1825 2361 2096 2437 ingeniosus
2119 2380 2239 2418 mo-

572 2452 682 2504 nuit
705 2485 720 2517 ,
747 2470 867 2508 cum
888 2456 955 2508 de
982 2467 1123 2527 gutta
1146 2452 1402 2510 mercurii
1428 2452 1561 2505 inter
1591 2449 1716 2504 duas
1743 2466 1905 2524 aquae
1938 2450 2237 2524 superficies

572 2536 856 2592 constituta
874 2541 1154 2593 dissereret.
1240 2536 1342 2592 Ait
1359 2541 1502 2592 enim

813 2620 918 2701 48.
945 2624 1001 2679 Si
1027 2622 1657 2696 guttulammercurialem
1688 2638 1753 2677 ex
1780 2623 2034 2694 oppofitis
2054 2622 2231 2678 lateri-

586 2706 683 2764 bus
707 2713 986 2785 contingas
1011 2710 1141 2767 binis
1166 2711 1362 2767 tubulis
1382 2710 1934 2777 vitreis,attraetionem
1957 2710 2085 2766 oriri
2105 2711 2245 2764 inter

2096 2807 2231 2851 vrtra
