<?xml version="1.0" encoding="UTF-8"?>
<!DOCTYPE html PUBLIC "-//W3C//DTD XHTML 1.0 Transitional//EN"
    "http://www.w3.org/TR/xhtml1/DTD/xhtml1-transitional.dtd">
<html xmlns="http://www.w3.org/1999/xhtml" xml:lang="en" lang="en">
 <head>
  <title>
</title>
<meta http-equiv="Content-Type" content="text/html;charset=utf-8" />
  <meta name='ocr-system' content='tesseract 3.04.00' />
  <meta name='ocr-capabilities' content='ocr_page ocr_carea ocr_par ocr_line ocrx_word'/>
</head>
<body>
  <div class='ocr_page' id='page_1' title='image "./commentariiacade02impe_0500.png"; bbox 0 0 2393 3590; ppageno 0'>
   <div class='ocr_carea' id='block_1_1' title="bbox 582 170 2012 268">
    <p class='ocr_par' dir='ltr' id='par_1_1' title="bbox 582 170 2012 268">
     <span class='ocr_line' id='line_1_1' title="bbox 582 170 2012 268; baseline -0.008 -23"><span class='ocrx_word' id='word_1_1' title='bbox 582 182 706 268; x_wconf 74' lang='lat'>488</span> <span class='ocrx_word' id='word_1_2' title='bbox 858 175 1213 242; x_wconf 72' lang='lat' dir='ltr'><em>NICOLAI</em></span> <span class='ocrx_word' id='word_1_3' title='bbox 1254 170 1741 237; x_wconf 70' lang='lat' dir='ltr'><strong><em>BERNOVLLI</em></strong></span> <span class='ocrx_word' id='word_1_4' title='bbox 1786 172 2012 233; x_wconf 75' lang='lat' dir='ltr'><em>VITA.</em></span> 
     </span>
    </p>
   </div>
   <div class='ocr_carea' id='block_1_2' title="bbox 578 325 2255 2648">
    <p class='ocr_par' dir='ltr' id='par_1_2' title="bbox 578 325 2246 833">
     <span class='ocr_line' id='line_1_2' title="bbox 578 325 2245 409; baseline -0.005 -12"><span class='ocrx_word' id='word_1_5' title='bbox 578 353 688 397; x_wconf 82' lang='lat' dir='ltr'>tum</span> <span class='ocrx_word' id='word_1_6' title='bbox 729 357 859 394; x_wconf 80' lang='lat' dir='ltr'>vero</span> <span class='ocrx_word' id='word_1_7' title='bbox 902 352 1155 409; x_wconf 77' lang='lat' dir='ltr'>magnam</span> <span class='ocrx_word' id='word_1_8' title='bbox 1193 345 1405 404; x_wconf 72' lang='lat' dir='ltr'>partem</span> <span class='ocrx_word' id='word_1_9' title='bbox 1443 333 1494 383; x_wconf 88' lang='lat' dir='ltr'>in</span> <span class='ocrx_word' id='word_1_10' title='bbox 1535 330 1909 400; x_wconf 71' lang='lat' dir='ltr'>scripti3,quae</span> <span class='ocrx_word' id='word_1_11' title='bbox 1944 348 1971 384; x_wconf 84' lang='lat' dir='ltr'>a</span> <span class='ocrx_word' id='word_1_12' title='bbox 2015 325 2245 390; x_wconf 79' lang='lat' dir='ltr'><em>Daniele</em></span> 
     </span>
     <span class='ocr_line' id='line_1_3' title="bbox 583 409 2237 497; baseline -0.007 -15"><span class='ocrx_word' id='word_1_13' title='bbox 583 429 967 491; x_wconf 80' lang='lat' dir='ltr'>conieruantur,</span> <span class='ocrx_word' id='word_1_14' title='bbox 1015 421 1230 490; x_wconf 88' lang='lat' dir='ltr'>reliquit.</span> <span class='ocrx_word' id='word_1_15' title='bbox 1330 415 1510 497; x_wconf 60' lang='lat' dir='ltr'><strong>Funue·</strong></span> <span class='ocrx_word' id='word_1_16' title='bbox 1552 409 2048 473; x_wconf 82' lang='lat' dir='ltr'><strong><em>CATHARINA</em></strong></span> <span class='ocrx_word' id='word_1_17' title='bbox 2095 416 2237 474; x_wconf 87' lang='lat' dir='ltr'>AV.</span> 
     </span>
     <span class='ocr_line' id='line_1_4' title="bbox 582 498 2245 569; baseline -0.007 0"><span class='ocrx_word' id='word_1_18' title='bbox 582 509 704 569; x_wconf 87' lang='lat' dir='ltr'>GV</span> <span class='ocrx_word' id='word_1_19' title='bbox 705 512 744 567; x_wconf 86' lang='lat' dir='ltr'><strong><em>S</em></strong></span> <span class='ocrx_word' id='word_1_20' title='bbox 756 508 863 566; x_wconf 81' lang='lat' dir='ltr'>TA</span> <span class='ocrx_word' id='word_1_21' title='bbox 897 508 986 561; x_wconf 86' lang='lat' dir='ltr'>suo</span> <span class='ocrx_word' id='word_1_22' title='bbox 1009 507 1171 561; x_wconf 86' lang='lat' dir='ltr'>sumtu</span> <span class='ocrx_word' id='word_1_23' title='bbox 1211 499 1389 556; x_wconf 87' lang='lat' dir='ltr'>efferri</span> <span class='ocrx_word' id='word_1_24' title='bbox 1414 499 1541 554; x_wconf 85' lang='lat' dir='ltr'>iuffit</span> <span class='ocrx_word' id='word_1_25' title='bbox 1566 511 1618 553; x_wconf 87' lang='lat' dir='ltr'>ct</span> <span class='ocrx_word' id='word_1_26' title='bbox 1643 517 1766 555; x_wconf 89' lang='lat' dir='ltr'>cum</span> <span class='ocrx_word' id='word_1_27' title='bbox 1791 500 1843 553; x_wconf 90' lang='lat' dir='ltr'>in</span> <span class='ocrx_word' id='word_1_28' title='bbox 1879 498 2245 563; x_wconf 83' lang='lat' dir='ltr'>Academiam</span> 
     </span>
     <span class='ocr_line' id='line_1_5' title="bbox 582 584 2246 663; baseline -0.005 -9"><span class='ocrx_word' id='word_1_29' title='bbox 582 598 1045 663; x_wconf 71' lang='lat' dir='ltr'>veniffet,voc21to</span> <span class='ocrx_word' id='word_1_30' title='bbox 1083 590 1148 644; x_wconf 82' lang='lat' dir='ltr'>ad</span> <span class='ocrx_word' id='word_1_31' title='bbox 1185 588 1231 642; x_wconf 90' lang='lat' dir='ltr'>se</span> <span class='ocrx_word' id='word_1_32' title='bbox 1268 587 1488 643; x_wconf 64' lang='lat' dir='ltr'>defuncti</span> <span class='ocrx_word' id='word_1_33' title='bbox 1517 584 1717 652; x_wconf 84' lang='lat' dir='ltr'>fratre,</span> <span class='ocrx_word' id='word_1_34' title='bbox 1756 586 2001 643; x_wconf 68' lang='lat' dir='ltr'>suiludtus</span> <span class='ocrx_word' id='word_1_35' title='bbox 2020 589 2168 647; x_wconf 81' lang='lat' dir='ltr'>simul</span> <span class='ocrx_word' id='word_1_36' title='bbox 2195 603 2246 650; x_wconf 89' lang='lat' dir='ltr'>et</span> 
     </span>
     <span class='ocr_line' id='line_1_6' title="bbox 583 673 2245 752; baseline -0.01 -12"><span class='ocrx_word' id='word_1_37' title='bbox 583 685 892 740; x_wconf 78' lang='lat' dir='ltr'>clementiae</span> <span class='ocrx_word' id='word_1_38' title='bbox 909 679 1061 752; x_wconf 79' lang='lat' dir='ltr'>(quae</span> <span class='ocrx_word' id='word_1_39' title='bbox 1081 693 1184 731; x_wconf 76' lang='lat' dir='ltr'>vna</span> <span class='ocrx_word' id='word_1_40' title='bbox 1205 688 1318 729; x_wconf 82' lang='lat' dir='ltr'>erat</span> <span class='ocrx_word' id='word_1_41' title='bbox 1341 675 1392 729; x_wconf 91' lang='lat' dir='ltr'>in</span> <span class='ocrx_word' id='word_1_42' title='bbox 1412 673 1510 728; x_wconf 82' lang='lat' dir='ltr'>hac</span> <span class='ocrx_word' id='word_1_43' title='bbox 1537 673 1828 729; x_wconf 83' lang='lat' dir='ltr'>calamitate</span> <span class='ocrx_word' id='word_1_44' title='bbox 1863 675 2098 731; x_wconf 74' lang='lat' dir='ltr'>maxima</span> <span class='ocrx_word' id='word_1_45' title='bbox 2121 692 2245 734; x_wconf 83' lang='lat' dir='ltr'>con.</span> 
     </span>
     <span class='ocr_line' id='line_1_7' title="bbox 580 761 1276 833; baseline -0.019 -5"><span class='ocrx_word' id='word_1_46' title='bbox 580 772 798 833; x_wconf 77' lang='lat' dir='ltr'>solatio)</span> <span class='ocrx_word' id='word_1_47' title='bbox 822 766 1076 820; x_wconf 87' lang='lat' dir='ltr'>indicium</span> <span class='ocrx_word' id='word_1_48' title='bbox 1106 761 1276 820; x_wconf 81' lang='lat' dir='ltr'>dedit,</span> 
     </span>
    </p>

    <p class='ocr_par' dir='ltr' id='par_1_3' title="bbox 578 846 2255 2648">
     <span class='ocr_line' id='line_1_8' title="bbox 727 846 2247 924; baseline -0.001 -16"><span class='ocrx_word' id='word_1_49' title='bbox 727 853 831 910; x_wconf 88' lang='lat' dir='ltr'>Sed</span> <span class='ocrx_word' id='word_1_50' title='bbox 861 868 965 924; x_wconf 89' lang='lat' dir='ltr'>quo</span> <span class='ocrx_word' id='word_1_51' title='bbox 991 851 1167 904; x_wconf 83' lang='lat' dir='ltr'>animo</span> <span class='ocrx_word' id='word_1_52' title='bbox 1194 847 1550 903; x_wconf 84' lang='lat' dir='ltr'>existimemus</span> <span class='ocrx_word' id='word_1_53' title='bbox 1575 860 1783 919; x_wconf 84' lang='lat' dir='ltr'>patrem</span> <span class='ocrx_word' id='word_1_54' title='bbox 1801 846 2095 917; x_wconf 84' lang='lat' dir='ltr'>fuiffe‚cum</span> <span class='ocrx_word' id='word_1_55' title='bbox 2119 865 2247 907; x_wconf 88' lang='lat' dir='ltr'>nun-</span> 
     </span>
     <span class='ocr_line' id='line_1_9' title="bbox 581 934 2245 1010; baseline -0.001 -14"><span class='ocrx_word' id='word_1_56' title='bbox 581 944 714 996; x_wconf 87' lang='lat' dir='ltr'>cium</span> <span class='ocrx_word' id='word_1_57' title='bbox 740 940 999 1010; x_wconf 82' lang='lat' dir='ltr'>acciperet</span> <span class='ocrx_word' id='word_1_58' title='bbox 1025 937 1086 991; x_wconf 87' lang='lat' dir='ltr'>de</span> <span class='ocrx_word' id='word_1_59' title='bbox 1110 947 1285 989; x_wconf 89' lang='lat' dir='ltr'>morte</span> <span class='ocrx_word' id='word_1_60' title='bbox 1310 934 1411 1002; x_wconf 86' lang='lat' dir='ltr'>filii,</span> <span class='ocrx_word' id='word_1_61' title='bbox 1425 952 1583 1007; x_wconf 86' lang='lat' dir='ltr'>quem</span> <span class='ocrx_word' id='word_1_62' title='bbox 1609 947 1747 990; x_wconf 80' lang='lat' dir='ltr'>tanta</span> <span class='ocrx_word' id='word_1_63' title='bbox 1771 953 1891 991; x_wconf 85' lang='lat' dir='ltr'>cura</span> <span class='ocrx_word' id='word_1_64' title='bbox 1921 937 2245 1008; x_wconf 82' lang='lat' dir='ltr'>educauerat,</span> 
     </span>
     <span class='ocr_line' id='line_1_10' title="bbox 579 1021 2237 1098; baseline -0.001 -17"><span class='ocrx_word' id='word_1_65' title='bbox 579 1029 634 1082; x_wconf 91' lang='lat' dir='ltr'>in</span> <span class='ocrx_word' id='word_1_66' title='bbox 658 1043 812 1098; x_wconf 89' lang='lat' dir='ltr'>quem</span> <span class='ocrx_word' id='word_1_67' title='bbox 834 1037 1037 1078; x_wconf 81' lang='lat' dir='ltr'>tantum</span> <span class='ocrx_word' id='word_1_68' title='bbox 1058 1024 1353 1078; x_wconf 79' lang='lat' dir='ltr'>contulerat</span> <span class='ocrx_word' id='word_1_69' title='bbox 1377 1021 1492 1076; x_wconf 86' lang='lat' dir='ltr'>suae</span> <span class='ocrx_word' id='word_1_70' title='bbox 1518 1021 1791 1077; x_wconf 63' lang='lat' dir='ltr'>doctrinae</span> <span class='ocrx_word' id='word_1_71' title='bbox 1810 1022 2110 1095; x_wconf 81' lang='lat' dir='ltr'>suarumque</span> <span class='ocrx_word' id='word_1_72' title='bbox 2129 1025 2237 1080; x_wconf 87' lang='lat' dir='ltr'>vir-</span> 
     </span>
     <span class='ocr_line' id='line_1_11' title="bbox 579 1109 2241 1182; baseline -0.001 -14"><span class='ocrx_word' id='word_1_73' title='bbox 579 1126 749 1168; x_wconf 87' lang='lat' dir='ltr'>tutum</span> <span class='ocrx_word' id='word_1_74' title='bbox 796 1153 810 1179; x_wconf 80' lang='lat'><strong>‚</strong></span> <span class='ocrx_word' id='word_1_75' title='bbox 855 1112 909 1165; x_wconf 88' lang='lat' dir='ltr'>in</span> <span class='ocrx_word' id='word_1_76' title='bbox 947 1125 1053 1182; x_wconf 89' lang='lat' dir='ltr'>quo</span> <span class='ocrx_word' id='word_1_77' title='bbox 1077 1153 1092 1179; x_wconf 70' lang='lat'><strong>⁷</strong></span> <span class='ocrx_word' id='word_1_78' title='bbox 1146 1122 1205 1164; x_wconf 90' lang='lat' dir='ltr'>vt</span> <span class='ocrx_word' id='word_1_79' title='bbox 1241 1110 1415 1180; x_wconf 82' lang='lat' dir='ltr'>paucis</span> <span class='ocrx_word' id='word_1_80' title='bbox 1446 1109 1642 1178; x_wconf 79' lang='lat' dir='ltr'>dicam,</span> <span class='ocrx_word' id='word_1_81' title='bbox 1689 1109 1814 1164; x_wconf 86' lang='lat' dir='ltr'>nihil</span> <span class='ocrx_word' id='word_1_82' title='bbox 1853 1109 2241 1179; x_wconf 86' lang='lat' dir='ltr'>inueniebatur‚</span> 
     </span>
     <span class='ocr_line' id='line_1_12' title="bbox 578 1195 2251 1273; baseline -0.002 -22"><span class='ocrx_word' id='word_1_83' title='bbox 578 1199 724 1270; x_wconf 83' lang='lat' dir='ltr'>quod</span> <span class='ocrx_word' id='word_1_84' title='bbox 748 1197 1130 1254; x_wconf 80' lang='lat' dir='ltr'>Bernoulliano</span> <span class='ocrx_word' id='word_1_85' title='bbox 1160 1197 1377 1251; x_wconf 87' lang='lat' dir='ltr'>nomine</span> <span class='ocrx_word' id='word_1_86' title='bbox 1399 1195 1613 1264; x_wconf 85' lang='lat' dir='ltr'>dignum</span> <span class='ocrx_word' id='word_1_87' title='bbox 1638 1212 1745 1248; x_wconf 88' lang='lat' dir='ltr'>non</span> <span class='ocrx_word' id='word_1_88' title='bbox 1772 1195 1920 1256; x_wconf 86' lang='lat' dir='ltr'>effet.</span> <span class='ocrx_word' id='word_1_89' title='bbox 2009 1195 2150 1273; x_wconf 82' lang='lat' dir='ltr'>Quis</span> <span class='ocrx_word' id='word_1_90' title='bbox 2176 1199 2251 1252; x_wconf 84' lang='lat' dir='ltr'>iu.</span> 
     </span>
     <span class='ocr_line' id='line_1_13' title="bbox 580 1280 2251 1357; baseline -0.006 -16"><span class='ocrx_word' id='word_1_91' title='bbox 580 1287 721 1341; x_wconf 88' lang='lat' dir='ltr'>stum</span> <span class='ocrx_word' id='word_1_92' title='bbox 750 1298 910 1357; x_wconf 82' lang='lat' dir='ltr'>neget</span> <span class='ocrx_word' id='word_1_93' title='bbox 934 1301 1003 1338; x_wconf 88' lang='lat' dir='ltr'>ex</span> <span class='ocrx_word' id='word_1_94' title='bbox 1030 1298 1138 1338; x_wconf 80' lang='lat' dir='ltr'>tam</span> <span class='ocrx_word' id='word_1_95' title='bbox 1163 1280 1450 1353; x_wconf 86' lang='lat' dir='ltr'>improuiso</span> <span class='ocrx_word' id='word_1_96' title='bbox 1475 1324 1488 1352; x_wconf 82' lang='lat'><strong><em>‚</em></strong></span> <span class='ocrx_word' id='word_1_97' title='bbox 1521 1293 1635 1335; x_wconf 81' lang='lat' dir='ltr'>tam</span> <span class='ocrx_word' id='word_1_98' title='bbox 1663 1281 1863 1334; x_wconf 84' lang='lat' dir='ltr'>acerbo</span> <span class='ocrx_word' id='word_1_99' title='bbox 1884 1323 1898 1350; x_wconf 89' lang='lat'>‚</span> <span class='ocrx_word' id='word_1_100' title='bbox 1934 1291 2045 1335; x_wconf 82' lang='lat' dir='ltr'>tam</span> <span class='ocrx_word' id='word_1_101' title='bbox 2074 1283 2172 1338; x_wconf 81' lang='lat' dir='ltr'>alte</span> <span class='ocrx_word' id='word_1_102' title='bbox 2200 1301 2251 1339; x_wconf 79' lang='lat' dir='ltr'>a-</span> 
     </span>
     <span class='ocr_line' id='line_1_14' title="bbox 580 1364 2243 1441; baseline -0.005 -15"><span class='ocrx_word' id='word_1_103' title='bbox 580 1373 736 1428; x_wconf 61' lang='lat' dir='ltr'>dacto</span> <span class='ocrx_word' id='word_1_104' title='bbox 767 1372 978 1426; x_wconf 84' lang='lat' dir='ltr'>vulnere</span> <span class='ocrx_word' id='word_1_105' title='bbox 1005 1370 1258 1426; x_wconf 85' lang='lat' dir='ltr'>dolorem</span> <span class='ocrx_word' id='word_1_106' title='bbox 1294 1364 1315 1421; x_wconf 72' lang='grc' dir='ltr'><em>ἓ</em></span> <span class='ocrx_word' id='word_1_107' title='bbox 1349 1385 1504 1441; x_wconf 89' lang='lat' dir='ltr'>quem</span> <span class='ocrx_word' id='word_1_108' title='bbox 1536 1367 1572 1421; x_wconf 87' lang='lat' dir='ltr'>fi</span> <span class='ocrx_word' id='word_1_109' title='bbox 1597 1366 1705 1421; x_wconf 82' lang='lat' dir='ltr'>vlla</span> <span class='ocrx_word' id='word_1_110' title='bbox 1737 1385 1820 1422; x_wconf 88' lang='lat' dir='ltr'>res</span> <span class='ocrx_word' id='word_1_111' title='bbox 1846 1367 2005 1421; x_wconf 86' lang='lat' dir='ltr'>lenire</span> <span class='ocrx_word' id='word_1_112' title='bbox 2026 1369 2115 1423; x_wconf 78' lang='lat' dir='ltr'>vel</span> <span class='ocrx_word' id='word_1_113' title='bbox 2139 1371 2243 1424; x_wconf 85' lang='lat' dir='ltr'>mi.</span> 
     </span>
     <span class='ocr_line' id='line_1_15' title="bbox 580 1453 2252 1528; baseline -0.003 -14"><span class='ocrx_word' id='word_1_114' title='bbox 580 1474 739 1514; x_wconf 88' lang='lat' dir='ltr'>nuere</span> <span class='ocrx_word' id='word_1_115' title='bbox 763 1459 955 1528; x_wconf 79' lang='lat' dir='ltr'>potest,</span> <span class='ocrx_word' id='word_1_116' title='bbox 972 1455 1298 1528; x_wconf 75' lang='lat' dir='ltr'>superst³tum</span> <span class='ocrx_word' id='word_1_117' title='bbox 1327 1469 1473 1509; x_wconf 87' lang='lat' dir='ltr'>certe</span> <span class='ocrx_word' id='word_1_118' title='bbox 1495 1453 1724 1509; x_wconf 85' lang='lat' dir='ltr'>filiorum</span> <span class='ocrx_word' id='word_1_119' title='bbox 1751 1455 1803 1507; x_wconf 89' lang='lat' dir='ltr'>in</span> <span class='ocrx_word' id='word_1_120' title='bbox 1837 1456 2003 1526; x_wconf 83' lang='lat' dir='ltr'>patris</span> <span class='ocrx_word' id='word_1_121' title='bbox 2032 1455 2252 1528; x_wconf 82' lang='lat' dir='ltr'>vestigia</span> 
     </span>
     <span class='ocr_line' id='line_1_16' title="bbox 578 1537 2251 1613; baseline -0.005 -13"><span class='ocrx_word' id='word_1_122' title='bbox 578 1545 960 1610; x_wconf 78' lang='lat' dir='ltr'>succedentium</span> <span class='ocrx_word' id='word_1_123' title='bbox 990 1559 1182 1613; x_wconf 73' lang='lat' dir='ltr'>magna</span> <span class='ocrx_word' id='word_1_124' title='bbox 1214 1542 1424 1595; x_wconf 74' lang='lat' dir='ltr'>indoles</span> <span class='ocrx_word' id='word_1_125' title='bbox 1455 1554 1506 1594; x_wconf 89' lang='lat' dir='ltr'>et</span> <span class='ocrx_word' id='word_1_126' title='bbox 1530 1537 1802 1610; x_wconf 77' lang='lat' dir='ltr'>praeclara</span> <span class='ocrx_word' id='word_1_127' title='bbox 1828 1541 2076 1594; x_wconf 88' lang='lat' dir='ltr'>institutio</span> <span class='ocrx_word' id='word_1_128' title='bbox 2112 1544 2251 1600; x_wconf 85' lang='lat' dir='ltr'>miti-</span> 
     </span>
     <span class='ocr_line' id='line_1_17' title="bbox 580 1625 2249 1701; baseline -0.004 -17"><span class='ocrx_word' id='word_1_129' title='bbox 580 1631 742 1701; x_wconf 74' lang='lat' dir='ltr'>gabit.</span> <span class='ocrx_word' id='word_1_130' title='bbox 827 1631 971 1685; x_wconf 85' lang='lat' dir='ltr'>Inter</span> <span class='ocrx_word' id='word_1_131' title='bbox 1008 1645 1199 1680; x_wconf 85' lang='lat' dir='ltr'>omnes</span> <span class='ocrx_word' id='word_1_132' title='bbox 1221 1629 1309 1698; x_wconf 86' lang='lat' dir='ltr'>qui</span> <span class='ocrx_word' id='word_1_133' title='bbox 1346 1628 1553 1698; x_wconf 80' lang='lat' dir='ltr'>aliquod</span> <span class='ocrx_word' id='word_1_134' title='bbox 1585 1625 1785 1699; x_wconf 80' lang='lat' dir='ltr'>infigne</span> <span class='ocrx_word' id='word_1_135' title='bbox 1811 1643 2015 1681; x_wconf 91' lang='lat' dir='ltr'>nomen</span> <span class='ocrx_word' id='word_1_136' title='bbox 2049 1629 2099 1681; x_wconf 87' lang='lat' dir='ltr'>in</span> <span class='ocrx_word' id='word_1_137' title='bbox 2136 1646 2249 1687; x_wconf 82' lang='lat' dir='ltr'>ma-</span> 
     </span>
     <span class='ocr_line' id='line_1_18' title="bbox 579 1711 2243 1785; baseline -0.006 -13"><span class='ocrx_word' id='word_1_138' title='bbox 579 1718 703 1772; x_wconf 76' lang='lat' dir='ltr'>&#39;thefi</span> <span class='ocrx_word' id='word_1_139' title='bbox 722 1759 735 1784; x_wconf 86' lang='lat'><strong>‚</strong></span> <span class='ocrx_word' id='word_1_140' title='bbox 771 1717 948 1770; x_wconf 85' lang='lat' dir='ltr'>nostra</span> <span class='ocrx_word' id='word_1_141' title='bbox 971 1715 1252 1780; x_wconf 76' lang='lat' dir='ltr'>memoria,</span> <span class='ocrx_word' id='word_1_142' title='bbox 1280 1713 1458 1783; x_wconf 82' lang='lat' dir='ltr'>adepti</span> <span class='ocrx_word' id='word_1_143' title='bbox 1478 1712 1589 1766; x_wconf 89' lang='lat' dir='ltr'>sunt</span> <span class='ocrx_word' id='word_1_144' title='bbox 1615 1751 1629 1778; x_wconf 84' lang='lat'>,</span> <span class='ocrx_word' id='word_1_145' title='bbox 1675 1712 1826 1780; x_wconf 80' lang='lat' dir='ltr'>pauci</span> <span class='ocrx_word' id='word_1_146' title='bbox 1846 1711 1986 1764; x_wconf 83' lang='lat' dir='ltr'>filios</span> <span class='ocrx_word' id='word_1_147' title='bbox 2018 1715 2243 1785; x_wconf 85' lang='lat' dir='ltr'>relique-</span> 
     </span>
     <span class='ocr_line' id='line_1_19' title="bbox 580 1794 2254 1871; baseline -0.006 -12"><span class='ocrx_word' id='word_1_148' title='bbox 580 1817 699 1858; x_wconf 84' lang='lat' dir='ltr'>runt</span> <span class='ocrx_word' id='word_1_149' title='bbox 733 1803 920 1856; x_wconf 78' lang='lat' dir='ltr'>eadem</span> <span class='ocrx_word' id='word_1_150' title='bbox 938 1799 1213 1871; x_wconf 70' lang='lat' dir='ltr'>‘disciplina</span> <span class='ocrx_word' id='word_1_151' title='bbox 1241 1800 1469 1870; x_wconf 62' lang='lat' dir='ltr'>perfecte</span> <span class='ocrx_word' id='word_1_152' title='bbox 1494 1794 1982 1863; x_wconf 78' lang='lat' dir='ltr'>eruditos‚10hanni</span> <span class='ocrx_word' id='word_1_153' title='bbox 2001 1796 2254 1858; x_wconf 79' lang='lat' dir='ltr'>Bernoul.</span> 
     </span>
     <span class='ocr_line' id='line_1_20' title="bbox 579 1885 2255 1963; baseline -0.001 -17"><span class='ocrx_word' id='word_1_154' title='bbox 579 1889 642 1946; x_wconf 82' lang='lat' dir='ltr'>lio</span> <span class='ocrx_word' id='word_1_155' title='bbox 670 1906 846 1963; x_wconf 86' lang='lat' dir='ltr'>prope</span> <span class='ocrx_word' id='word_1_156' title='bbox 875 1889 1043 1943; x_wconf 75' lang='lat' dir='ltr'>dicam</span> <span class='ocrx_word' id='word_1_157' title='bbox 1077 1886 1174 1942; x_wconf 84' lang='lat' dir='ltr'>soli</span> <span class='ocrx_word' id='word_1_158' title='bbox 1203 1888 1523 1956; x_wconf 83' lang='lat' dir='ltr'>contigit,vt</span> <span class='ocrx_word' id='word_1_159' title='bbox 1551 1896 1780 1937; x_wconf 82' lang='lat' dir='ltr'>aetatem</span> <span class='ocrx_word' id='word_1_160' title='bbox 1803 1885 2255 1956; x_wconf 82' lang='lat' dir='ltr'>ingrauescentem</span> 
     </span>
     <span class='ocr_line' id='line_1_21' title="bbox 582 1969 2247 2045; baseline -0.001 -13"><span class='ocrx_word' id='word_1_161' title='bbox 582 1977 819 2032; x_wconf 76' lang='lat' dir='ltr'>filiorum</span> <span class='ocrx_word' id='word_1_162' title='bbox 840 1977 1047 2030; x_wconf 83' lang='lat' dir='ltr'>suorum</span> <span class='ocrx_word' id='word_1_163' title='bbox 1072 1974 1274 2029; x_wconf 84' lang='lat' dir='ltr'>meritis</span> <span class='ocrx_word' id='word_1_164' title='bbox 1298 1975 1484 2045; x_wconf 81' lang='lat' dir='ltr'>partim</span> <span class='ocrx_word' id='word_1_165' title='bbox 1507 1971 1610 2024; x_wconf 78' lang='lat' dir='ltr'>iam</span> <span class='ocrx_word' id='word_1_166' title='bbox 1640 1969 1970 2025; x_wconf 84' lang='lat' dir='ltr'>confirmatis</span> <span class='ocrx_word' id='word_1_167' title='bbox 2007 1985 2058 2026; x_wconf 87' lang='lat' dir='ltr'>et</span> <span class='ocrx_word' id='word_1_168' title='bbox 2093 1975 2247 2031; x_wconf 84' lang='lat' dir='ltr'>inlu-</span> 
     </span>
     <span class='ocr_line' id='line_1_22' title="bbox 587 2055 2255 2134; baseline 0 -18"><span class='ocrx_word' id='word_1_169' title='bbox 587 2080 647 2116; x_wconf 88' lang='lat' dir='ltr'>ce</span> <span class='ocrx_word' id='word_1_170' title='bbox 678 2063 854 2134; x_wconf 81' lang='lat' dir='ltr'>pofitis</span> <span class='ocrx_word' id='word_1_171' title='bbox 882 2103 896 2130; x_wconf 81' lang='lat'><strong>‚</strong></span> <span class='ocrx_word' id='word_1_172' title='bbox 932 2061 1124 2131; x_wconf 81' lang='lat' dir='ltr'>partim</span> <span class='ocrx_word' id='word_1_173' title='bbox 1162 2060 1328 2115; x_wconf 75' lang='lat' dir='ltr'>adhuc</span> <span class='ocrx_word' id='word_1_174' title='bbox 1368 2062 1420 2114; x_wconf 84' lang='lat' dir='ltr'>in</span> <span class='ocrx_word' id='word_1_175' title='bbox 1449 2058 1712 2112; x_wconf 77' lang='lat' dir='ltr'>summam</span> <span class='ocrx_word' id='word_1_176' title='bbox 1737 2055 1883 2126; x_wconf 86' lang='lat' dir='ltr'>spem</span> <span class='ocrx_word' id='word_1_177' title='bbox 1913 2056 2255 2116; x_wconf 82' lang='lat' dir='ltr'>adolescenti-</span> 
     </span>
     <span class='ocr_line' id='line_1_23' title="bbox 591 2141 2253 2218; baseline -0.001 -15"><span class='ocrx_word' id='word_1_178' title='bbox 591 2149 686 2203; x_wconf 69' lang='lat' dir='ltr'>bus</span> <span class='ocrx_word' id='word_1_179' title='bbox 710 2149 864 2201; x_wconf 78' lang='lat' dir='ltr'>solari</span> <span class='ocrx_word' id='word_1_180' title='bbox 893 2148 1090 2217; x_wconf 73' lang='lat' dir='ltr'>posset,</span> <span class='ocrx_word' id='word_1_181' title='bbox 1126 2149 1209 2218; x_wconf 79' lang='lat' dir='ltr'>qui</span> <span class='ocrx_word' id='word_1_182' title='bbox 1239 2161 1350 2201; x_wconf 78' lang='lat' dir='ltr'>tam</span> <span class='ocrx_word' id='word_1_183' title='bbox 1388 2141 1624 2217; x_wconf 84' lang='lat' dir='ltr'>prosperi</span> <span class='ocrx_word' id='word_1_184' title='bbox 1651 2155 1867 2196; x_wconf 84' lang='lat' dir='ltr'>euentus</span> <span class='ocrx_word' id='word_1_185' title='bbox 1901 2146 2112 2214; x_wconf 81' lang='lat' dir='ltr'>quando</span> <span class='ocrx_word' id='word_1_186' title='bbox 2143 2165 2253 2203; x_wconf 92' lang='lat' dir='ltr'>non</span> 
     </span>
     <span class='ocr_line' id='line_1_24' title="bbox 588 2229 2253 2302; baseline 0.001 -14"><span class='ocrx_word' id='word_1_187' title='bbox 588 2236 819 2288; x_wconf 73' lang='lat' dir='ltr'>obscure</span> <span class='ocrx_word' id='word_1_188' title='bbox 846 2235 999 2286; x_wconf 76' lang='lat' dir='ltr'>etiam</span> <span class='ocrx_word' id='word_1_189' title='bbox 1033 2234 1095 2286; x_wconf 73' lang='lat' dir='ltr'>ad</span> <span class='ocrx_word' id='word_1_190' title='bbox 1130 2233 1415 2302; x_wconf 82' lang='lat' dir='ltr'>collegium</span> <span class='ocrx_word' id='word_1_191' title='bbox 1448 2229 1687 2284; x_wconf 84' lang='lat' dir='ltr'>nostrum</span> <span class='ocrx_word' id='word_1_192' title='bbox 1712 2230 1984 2300; x_wconf 88' lang='lat' dir='ltr'>pertinent</span> <span class='ocrx_word' id='word_1_193' title='bbox 2007 2232 2253 2289; x_wconf 59' lang='lat' dir='ltr'>fructum-</span> 
     </span>
     <span class='ocr_line' id='line_1_25' title="bbox 585 2316 2252 2393; baseline -0.002 -21"><span class='ocrx_word' id='word_1_194' title='bbox 585 2338 682 2391; x_wconf 79' lang='lat' dir='ltr'>que</span> <span class='ocrx_word' id='word_1_195' title='bbox 723 2320 878 2373; x_wconf 78' lang='lat' dir='ltr'>nobis</span> <span class='ocrx_word' id='word_1_196' title='bbox 917 2319 1293 2391; x_wconf 61' lang='lat' dir='ltr'>amplissimum</span> <span class='ocrx_word' id='word_1_197' title='bbox 1332 2317 1649 2390; x_wconf 75' lang='lat' dir='ltr'>promittunt</span> <span class='ocrx_word' id='word_1_198' title='bbox 1682 2358 1694 2383; x_wconf 83' lang='lat'>,</span> <span class='ocrx_word' id='word_1_199' title='bbox 1738 2316 2072 2373; x_wconf 83' lang='lat' dir='ltr'>vehementer</span> <span class='ocrx_word' id='word_1_200' title='bbox 2106 2321 2252 2393; x_wconf 89' lang='lat' dir='ltr'>cupi.</span> 
     </span>
     <span class='ocr_line' id='line_1_26' title="bbox 589 2402 2252 2476; baseline 0.002 -19"><span class='ocrx_word' id='word_1_201' title='bbox 589 2423 705 2458; x_wconf 68' lang='lat' dir='ltr'>snus</span> <span class='ocrx_word' id='word_1_202' title='bbox 735 2420 887 2476; x_wconf 72' lang='lat' dir='ltr'>atque</span> <span class='ocrx_word' id='word_1_203' title='bbox 922 2419 1238 2475; x_wconf 75' lang='lat' dir='ltr'>exoptamus</span> <span class='ocrx_word' id='word_1_204' title='bbox 1258 2418 1334 2470; x_wconf 77' lang='lat' dir='ltr'>‚vt</span> <span class='ocrx_word' id='word_1_205' title='bbox 1359 2406 1439 2457; x_wconf 81' lang='lat' dir='ltr'>vir</span> <span class='ocrx_word' id='word_1_206' title='bbox 1472 2402 1732 2471; x_wconf 74' lang='lat' dir='ltr'>praestans</span> <span class='ocrx_word' id='word_1_207' title='bbox 1757 2403 1971 2458; x_wconf 79' lang='lat' dir='ltr'>virtutis</span> <span class='ocrx_word' id='word_1_208' title='bbox 2003 2423 2063 2459; x_wconf 84' lang='lat' dir='ltr'>ac</span> <span class='ocrx_word' id='word_1_209' title='bbox 2090 2404 2252 2461; x_wconf 85' lang='lat' dir='ltr'>scien·</span> 
     </span>
     <span class='ocr_line' id='line_1_27' title="bbox 588 2489 2250 2564; baseline 0.002 -20"><span class='ocrx_word' id='word_1_210' title='bbox 588 2492 692 2544; x_wconf 76' lang='lat' dir='ltr'>tiae</span> <span class='ocrx_word' id='word_1_211' title='bbox 716 2491 888 2558; x_wconf 78' lang='lat' dir='ltr'>gloria</span> <span class='ocrx_word' id='word_1_212' title='bbox 924 2531 937 2555; x_wconf 89' lang='lat'><strong>‚</strong></span> <span class='ocrx_word' id='word_1_213' title='bbox 987 2491 1224 2560; x_wconf 72' lang='lat' dir='ltr'>deposito</span> <span class='ocrx_word' id='word_1_214' title='bbox 1251 2489 1350 2541; x_wconf 87' lang='lat' dir='ltr'>filii</span> <span class='ocrx_word' id='word_1_215' title='bbox 1383 2490 1516 2543; x_wconf 71' lang='lat' dir='ltr'>lucftu</span> <span class='ocrx_word' id='word_1_216' title='bbox 1548 2527 1561 2555; x_wconf 84' lang='lat'>,</span> <span class='ocrx_word' id='word_1_217' title='bbox 1603 2490 1759 2545; x_wconf 83' lang='lat' dir='ltr'>tantis</span> <span class='ocrx_word' id='word_1_218' title='bbox 1786 2489 1941 2546; x_wconf 87' lang='lat' dir='ltr'>bonis</span> <span class='ocrx_word' id='word_1_219' title='bbox 1966 2491 2250 2564; x_wconf 81' lang='lat' dir='ltr'>praesenti·</span> 
     </span>
     <span class='ocr_line' id='line_1_28' title="bbox 592 2573 1504 2648; baseline -0.003 -16"><span class='ocrx_word' id='word_1_220' title='bbox 592 2577 686 2632; x_wconf 75' lang='lat' dir='ltr'>bus</span> <span class='ocrx_word' id='word_1_221' title='bbox 718 2592 870 2647; x_wconf 67' lang='lat' dir='ltr'>quam</span> <span class='ocrx_word' id='word_1_222' title='bbox 896 2575 1172 2631; x_wconf 84' lang='lat' dir='ltr'>diutiffime</span> <span class='ocrx_word' id='word_1_223' title='bbox 1193 2573 1504 2648; x_wconf 80' lang='lat' dir='ltr'>perfruatur.</span> 
     </span>
    </p>
   </div>
   <div class='ocr_carea' id='block_1_3' title="bbox 2125 2747 2258 2810">
    <p class='ocr_par' dir='ltr' id='par_1_4' title="bbox 2125 2747 2258 2810">
     <span class='ocr_line' id='line_1_29' title="bbox 2125 2747 2258 2810; baseline -0.045 0"><span class='ocrx_word' id='word_1_224' title='bbox 2125 2747 2258 2810; x_wconf 86' lang='lat' dir='ltr'>OB-</span> 
     </span>
    </p>
   </div>
  </div>
 </body>
</html>
