2393 3590
520 150 657 218 454
935 123 1265 190 NVMMI
1347 118 1820 183 ERITHRAEI

525 293 758 349 ducebat
780 302 1030 362 magnam
1057 283 1266 339 nauium
1292 278 1517 342 classem,
1605 272 1799 332 Milesii
1823 278 2090 352 octoginta
2106 295 2196 336 na.

528 398 648 449 ues,
694 373 993 436 Prienenses
1022 369 1325 431 duodecim,
1348 363 1519 418 Miufii
1545 375 1655 416 tres
1681 403 1695 430 ‚
1729 361 1859 416 Teii
1895 365 2188 438 septemde⁴

531 471 636 522 cim
659 510 675 535 ‚
692 465 815 523 Chii
855 472 1081 523 centum,
1106 451 1554 524 Erythraeioc‘tQ
1578 445 1873 502 Phocenses
1907 467 2032 517 tres,
2058 453 2189 510 Les-

531 555 608 608 bii
637 550 963 623 septuaginta
993 586 1007 612 ‚
1043 539 1209 596 Samii
1231 538 1496 608 sexaginta
1526 534 1877 608 praebuerunt
1903 578 1917 605 ‚
1950 552 2013 592 vt
2036 556 2106 594 ex
2127 557 2195 597 eo

531 642 598 694 de
628 638 858 710 potentia
883 630 1187 703 singularum
1212 624 1435 679 vrbium
1457 623 1675 676 iudicari
1698 622 1875 693 poffit,
1933 621 2036 679 Sed
2063 643 2185 696 par*

534 741 645 781 tem
693 722 1016 796 proditione,
1040 727 1247 788 partem
1275 710 1563 779 discordia,
1603 710 1655 762 in
1690 710 1937 764 ordinem
1975 713 2193 782 redacti,

532 816 783 869 Xerxem
804 806 964 863 secuti
984 804 1097 858 sunt
1122 803 1170 855 in
1197 796 1501 854 Graeciam.
1590 796 1652 852 In
1686 814 1860 869 pugna
1900 798 1967 852 ad
1995 799 2191 871 Myca-

529 901 777 969 len,quae
801 896 995 950 eodem
1023 887 1449 958 die,Leutychide
1469 884 1869 940 Lacedemonio
1893 885 2196 955 duce‚corn-

532 983 687 1040 miffa
711 986 785 1039 est
819 1026 832 1052 ‚
867 998 971 1054 quo
997 978 1159 1032 victus
1183 976 1247 1029 ad
1272 973 1504 1028 Plataeas
1537 972 1851 1028 Mardonius
1879 1014 1892 1039 ‚
1925 974 2087 1028 Iones
2114 974 2203 1028 de-

532 1074 709 1128 fecere
735 1072 797 1126 ad
826 1065 1085 1124 Graecos,
1175 1057 1260 1138 (4)
1283 1060 1564 1130 Erythraei
1586 1054 1932 1113 Athenienses
1962 1062 2200 1115 maxime

532 1160 734 1226 sectati,
782 1153 962 1211 fractis
987 1150 1087 1205 illis
1124 1148 1384 1202 vicesimo
1413 1141 1847 1213 Peloponnesiaci
1885 1146 2011 1200 belli
2034 1163 2195 1215 annO,

533 1248 836 1303 defecerunt
860 1256 910 1296 et
935 1236 1081 1295 Chiis
1107 1246 1294 1286 contra
1319 1226 1679 1284 Athenienses
1698 1244 1865 1301 opem
1892 1233 2202 1300 tulerunt‚vt

534 1332 880 1402 Thucydides
914 1327 1093 1380 auctor
1124 1318 1216 1376 est,
1337 1313 1467 1370 Post
1491 1314 1546 1368 id
1569 1327 1782 1386 tempus
1815 1329 2002 1373 tamen
2026 1315 2207 1375 Athe-

533 1419 801 1475 nienfibus
824 1413 1054 1467 fauerunt
1079 1404 1338 1474 ducesque
1375 1418 1569 1455 eorum
1599 1402 1772 1472 copiis
1804 1405 1906 1459 iuis
1939 1406 2203 1462 adiuuere.

534 1505 622 1581 (5)
664 1499 976 1559 Alexander
1010 1492 1241 1562 benigne
1273 1491 1380 1563 egit
1420 1506 1545 1544 cum
1585 1487 1837 1546 Ionibus:
1887 1487 2207 1565 Antigonus

536 1593 799 1661 ceterique
826 1583 991 1640 Asiae
1007 1596 1165 1653 reges
1187 1578 1424 1632 libertati
1449 1592 1635 1629 eorum
1661 1591 1772 1628 non
1799 1574 1908 1630 sunt
1939 1577 2204 1634 aduersati.

535 1675 670 1734 Hoc
709 1675 943 1729 maxime
980 1661 1329 1740 cognoscitur
1365 1679 1432 1717 ex
1460 1660 1681 1716 foedere
1709 1658 2131 1733 Smyrnaeorum
2159 1680 2212 1723 et

536 1766 850 1838 Magnetum
872 1774 978 1832 pro
1007 1752 1234 1812 Seleuco
1257 1743 1532 1806 Callinico
1561 1784 1576 1816 ,
1617 1748 1759 1820 quod
1792 1750 1847 1803 in
1885 1745 2211 1808 Arundelia-

535 1853 617 1907 nis
643 1846 998 1906 marmoribus
1022 1842 1221 1913 infigne
1244 1839 1340 1899 est,
1427 1836 1716 1894 Romanos
1741 1853 1920 1892 rerum
1945 1839 2205 1894 dominos

537 1937 747 1992 summo
783 1935 996 1989 honore
1039 1929 1265 1983 coluere.
1387 1923 1591 1994 Itaque
1642 1917 1894 1977 Attalum
1951 1922 2208 1995 Pergami

539 2043 725 2098 regem
751 2021 894 2077 bello
919 2015 1277 2075 Macedonico
1304 2009 1597 2080 aPhilippo
1610 2022 1737 2076 rege
1761 2011 1895 2063 mari
1913 2011 2114 2080 pulsum
2152 2013 2208 2067 in

539 2127 754 2187 portum
775 2116 1106 2177 receperunt.
1204 2097 1290 2174 (6)
1317 2100 1384 2155 In
1415 2095 1554 2150 bello
1585 2093 1825 2149 aduersus
1859 2093 2208 2156 Antiochum

541 2215 724 2273 regem
756 2194 1015 2254 Romanis
1052 2204 1256 2262 quoque
1290 2196 1509 2257 portum
1546 2181 1900 2252 praebuerunt
1930 2226 1943 2252 ‚
1977 2201 2046 2240 ex
2098 2201 2208 2257 quo

545 2286 838 2340 maritimas
864 2268 1026 2335 vrbes
1053 2277 1117 2331 ad
1143 2273 1494 2330 defedtionem
1533 2267 1865 2324 sollicitarent
1888 2284 1939 2325 et
1963 2272 2210 2329 triremes

542 2371 794 2428 miserunt
822 2370 888 2423 ad
926 2365 1218 2435 augendam
1255 2356 1465 2415 claffem
1492 2354 1784 2417 Rhodiam.
1890 2361 1952 2431 (7
1975 2357 1995 2435 )
2023 2358 2212 2435 Quare

717 2624 798 2680 (4)
828 2617 1015 2666 Herod.
1041 2617 1073 2663 l.
1103 2612 1182 2660 lX.
1206 2630 1244 2663 c.
1269 2625 1369 2661 102.
1401 2605 1494 2672 seq.
1520 2609 1588 2664 ‘2)
1617 2608 1954 2658 Demosthenes
1977 2609 2034 2657 de
2049 2610 2206 2661 Cher-

547 2685 703 2735 soneso
736 2687 769 2732 f.
813 2684 872 2740 38
965 2686 1042 2744 (ὢ
1097 2679 1284 2742 Polybii
1309 2689 1531 2740 excerpti
1569 2691 1613 2737 p.
1649 2690 1778 2736 1013,
1842 2679 1924 2741 (4)
1980 2676 2143 2728 Liuius
2175 2681 2207 2728 1⁶

538 2752 780 2807 -XXXVI,
808 2768 879 2811 45.
902 2746 1209 2801 XXXV11.8.
1237 2747 1279 2795 ll.
