2393 3590
831 163 1276 252 AQVARVM.
1360 145 1364 150 ’
1475 230 1478 238 ,
1786 195 1899 258 113

235 323 445 402 quaudo
470 337 601 396 aqua
626 317 738 379 fluit
761 319 1168 383 horizontaiiter
1184 343 1281 401 per
1299 328 1493 385 tubum
1519 344 1630 388 non
1654 328 1904 403 cylindri-

233 431 387 480 cum,
421 412 510 466 sed
534 429 580 466 v.
611 429 683 484 gr.
712 413 962 466 conicum
993 432 1009 481 3
1041 431 1234 487 nempe
1262 433 1383 472 cum
1410 419 1588 473 omnis
1623 435 1753 490 aqua
1773 435 1893 474 mo-

230 511 343 555 tum
384 499 527 554 fiium
552 501 603 552 in
619 499 748 553 linea
772 501 916 554 resta
943 502 1253 556 continuare
1285 517 1530 575 nequeat,
1554 505 1840 578 particulae
1863 505 1902 559 i-

230 586 370 659 psius
402 585 702 657 impingunt
751 585 804 639 in
839 586 1000 642 latera
1031 586 1172 657 tubi,
1217 602 1265 644 et
1288 591 1414 646 inde
1437 592 1743 660 reflectunt,
1790 609 1905 647 rur-

230 672 415 743 susque
437 671 562 725 alias
588 671 733 724 fluidi
756 687 932 743 partes
952 677 1253 745 percutiunt
1274 697 1290 746 3
1341 678 1551 734 interim
1573 677 1792 734 durante
1803 677 1905 734 hac

230 758 515 828 agitatione
540 758 726 811 eadem
749 759 1006 827 quantitas
1029 761 1226 816 virium
1268 779 1530 837 perpetuo
1564 762 1901 826 conseruabi·

233 858 313 899 tur
343 844 533 914 hacque
559 842 672 911 lege
700 856 910 898 motum
950 845 1096 901 suum
1130 847 1183 901 in
1215 848 1350 903 tubo
1386 850 1726 907 continuabit
1754 868 1898 924 aqua.

231 928 561 986 Notandum
588 943 770 982 tamen
793 929 970 999 probe
992 932 1065 986 est
1100 966 1118 998 ‚
1162 937 1462 1003 praedistos
1494 950 1672 992 motus
1709 954 1904 995 omnes

230 1016 338 1073 effe
364 1014 641 1080 minimos,
681 1014 752 1066 ita
777 1025 835 1067 vt
860 1015 998 1068 nulla
1034 1019 1286 1084 particula
1314 1021 1496 1078 locum
1532 1021 1671 1078 suum
1707 1037 1899 1096 mutet,

223 1103 310 1156 nisi
342 1111 594 1171 quatenus
621 1115 741 1153 cum
774 1110 891 1152 tota
911 1098 1227 1154 fluidimaffa
1243 1116 1452 1159 motum
1469 1107 1628 1161 habet
1654 1125 1904 1179 progres-

222 1187 422 1255 fiuum3
449 1186 592 1242 haud
621 1184 764 1239 secus
782 1228 796 1253 ,
824 1200 883 1239 ac
908 1186 1147 1240 videmus
1179 1188 1351 1242 multis
1383 1189 1563 1259 globis
1591 1193 1818 1251 elasticis
1843 1201 1894 1254 in

217 1272 355 1327 linea
386 1276 526 1329 recta
560 1274 704 1327 iuxta
739 1271 789 1324 se
828 1269 1074 1343 dispositis
1113 1284 1167 1326 et
1195 1275 1522 1346 aequalibuS,
1557 1294 1784 1349 quorum
1809 1299 1902 1338 ex.

221 1372 423 1413 tremus
452 1359 488 1413 fi
516 1358 977 1430 percutiaturmon
1004 1370 1178 1415 totam
1218 1360 1507 1433 globorum
1549 1364 1731 1420 seriem
1761 1407 1775 1435 ‚
1811 1367 1901 1424 sed

218 1444 387 1499 solum
436 1457 741 1499 extremum
786 1444 1103 1514 oppositum
1146 1450 1369 1503 moueri.
1468 1450 1541 1505 Et
1566 1451 1661 1506 hac
1690 1454 1899 1512 ratione

217 1530 353 1586 haud
380 1529 662 1584 difficulter
688 1527 903 1600 quisque
930 1528 1102 1600 videt,
1132 1534 1275 1603 pofl‘e
1290 1552 1498 1609 quoque
1515 1537 1568 1592 in
1595 1550 1750 1594 motu
1777 1541 1896 1598 flui-

215 1617 405 1671 dorum
425 1617 650 1671 eandem
680 1617 1035 1688 quantitatem
1062 1620 1250 1676 virium
1274 1636 1543 1696 perpetuo
1577 1625 1896 1701 conseruari,

218 1703 454 1757 omnino
479 1704 606 1759 ficut
635 1708 687 1758 in
712 1716 860 1758 motu
893 1720 1188 1779 corporum
1224 1707 1553 1768 elasticorum
1582 1710 1629 1765 se
1663 1714 1891 1770 inuicem

215 1792 621 1864 percutientium
652 1811 668 1860 ·‚
705 1791 821 1844 imo
856 1790 1148 1846 necessario
1175 1794 1231 1847 id
1254 1796 1371 1850 fieri
1396 1796 1470 1850 ob
1492 1798 1750 1854 summam
1777 1801 1883 1855 ela-

214 1877 488 1932 sticitatem
520 1879 800 1933 fluidorum
842 1877 1158 1949 corpusculis
1187 1880 1416 1936 minimis
1451 1882 1671 1938 insitam.
1771 1885 1889 1941 Iam

213 1980 347 2019 vero
374 1981 492 2018 rem
536 1964 700 2038 ipsam
736 1966 1055 2037 aggrederer
1079 2000 1095 2032 ,
1144 1965 1235 2020 nifi
1263 1967 1579 2041 quibusdam
1605 1969 1693 2023 vel
1713 1968 1887 2027 solum

212 2051 613 2106 conseruationis
661 2053 857 2105 virium
904 2054 1143 2105 viuarum
1180 2070 1376 2109 nomen
1401 2055 1731 2110 stomachum
1767 2076 1886 2113 mo.

208 2156 331 2194 uere
357 2138 690 2210 perspectum
717 2137 990 2193 haberem.
1078 2133 1293 2194 Horum
1318 2144 1368 2195 in
1395 2143 1619 2214 gratiam
1652 2159 1878 2201 monen-

210 2226 336 2279 dum
355 2226 492 2279 duco
506 2225 827 2300 principium
853 2225 959 2280 hoc
988 2224 1401 2283 conseruationis
1423 2230 1619 2284 virium
1646 2230 1883 2287 vium-um

208 2312 421 2366 minime
447 2313 661 2367 differre
684 2331 713 2368 a
737 2313 1005 2385 principio
1030 2312 1177 2385 quod
1201 2315 1431 2384 primum
1459 2315 1524 2370 ab
1540 2311 1797 2384 Hugenio
1824 2338 1884 2374 u-

205 2397 470 2470 surpatum
500 2399 622 2453 dein
651 2399 717 2454 ab
741 2400 986 2456 omnibus
1012 2394 1324 2464 Geometris
1356 2401 1462 2456 sine
1497 2401 1603 2457 vlla
1647 2418 1870 2461 contro-

207 2485 377 2540 uerfia
402 2499 674 2557 receptum
703 2484 834 2560 fuit3
871 2489 1120 2543 nimirum
1147 2503 1387 2560 corpora
1423 2489 1475 2543 vi
1504 2489 1778 2560 grauitatis
1819 2493 1885 2548 ad

203 2570 503 2626 descensum
524 2586 790 2645 vtcunque
802 2571 1210 2631 sollicitataeam
1238 2574 1509 2648 acquirere
1534 2576 1879 2636 velocitatem

202 2674 262 2714 vt
283 2660 319 2713 ss
345 2658 543 2729 singula
569 2659 736 2714 rursus
756 2661 1033 2718 velocitate
1064 2659 1147 2716 sua
1169 2661 1314 2717 finali
1349 2661 1546 2718 directe
1585 2661 1880 2736 ascendant,

203 2762 363 2815 Vsque
390 2748 455 2801 ad
476 2747 658 2801 statum
685 2747 872 2819 quietis
910 2766 1196 2806 commune
1239 2761 1479 2805 centrum
1516 2750 1784 2819 grauitatis
1815 2755 1880 2807 ad

206 2827 353 2887 Tam.
389 2831 454 2887 II.
1063 2829 1109 2886 P
1774 2841 1878 2910 pri-
