<?xml version="1.0" encoding="UTF-8"?>
<!DOCTYPE html PUBLIC "-//W3C//DTD XHTML 1.0 Transitional//EN"
    "http://www.w3.org/TR/xhtml1/DTD/xhtml1-transitional.dtd">
<html xmlns="http://www.w3.org/1999/xhtml" xml:lang="en" lang="en">
 <head>
  <title>
</title>
<meta http-equiv="Content-Type" content="text/html;charset=utf-8" />
  <meta name='ocr-system' content='tesseract 3.04.00' />
  <meta name='ocr-capabilities' content='ocr_page ocr_carea ocr_par ocr_line ocrx_word'/>
</head>
<body>
  <div class='ocr_page' id='page_1' title='image "./commentariiacade02impe_0438.png"; bbox 0 0 2393 3590; ppageno 0'>
   <div class='ocr_carea' id='block_1_1' title="bbox 514 114 1696 210">
    <p class='ocr_par' dir='ltr' id='par_1_1' title="bbox 514 114 1696 210">
     <span class='ocr_line' id='line_1_1' title="bbox 514 114 1696 210; baseline -0.008 -26"><span class='ocrx_word' id='word_1_1' title='bbox 514 122 648 210; x_wconf 74' lang='lat'><strong>426</strong></span> <span class='ocrx_word' id='word_1_2' title='bbox 1005 116 1121 181; x_wconf 79' lang='lat' dir='ltr'><strong>DE</strong></span> <span class='ocrx_word' id='word_1_3' title='bbox 1188 116 1620 180; x_wconf 74' lang='lat' dir='ltr'><em>CIMMERH</em></span> <span class='ocrx_word' id='word_1_4' title='bbox 1636 114 1696 178; x_wconf 80' lang='lat' dir='ltr'><strong>S.</strong></span> 
     </span>
    </p>
   </div>
   <div class='ocr_carea' id='block_1_2' title="bbox 516 269 2202 2687">
    <p class='ocr_par' dir='ltr' id='par_1_2' title="bbox 516 269 2202 2687">
     <span class='ocr_line' id='line_1_2' title="bbox 516 269 2176 351; baseline -0.008 -13"><span class='ocrx_word' id='word_1_5' title='bbox 516 293 577 338; x_wconf 78' lang='lat' dir='ltr'><strong>vt</strong></span> <span class='ocrx_word' id='word_1_6' title='bbox 600 276 864 340; x_wconf 80' lang='lat' dir='ltr'>Cimbros</span> <span class='ocrx_word' id='word_1_7' title='bbox 889 288 1195 351; x_wconf 82' lang='lat' dir='ltr'><strong>repeterent</strong></span> <span class='ocrx_word' id='word_1_8' title='bbox 1222 294 1248 330; x_wconf 85' lang='lat' dir='ltr'><strong>a</strong></span> <span class='ocrx_word' id='word_1_9' title='bbox 1275 271 1628 332; x_wconf 73' lang='lat' dir='ltr'>Cimmeriis?</span> <span class='ocrx_word' id='word_1_10' title='bbox 1661 269 1828 328; x_wconf 87' lang='lat' dir='ltr'><strong>Nulla</strong></span> <span class='ocrx_word' id='word_1_11' title='bbox 1855 272 2098 345; x_wconf 73' lang='lat' dir='ltr'><strong>profec&#39;to</strong></span> <span class='ocrx_word' id='word_1_12' title='bbox 2120 293 2176 332; x_wconf 87' lang='lat' dir='ltr'><strong>a-</strong></span> 
     </span>
     <span class='ocr_line' id='line_1_3' title="bbox 517 359 2188 439; baseline -0.004 -15"><span class='ocrx_word' id='word_1_13' title='bbox 517 369 612 435; x_wconf 83' lang='lat' dir='ltr'><strong>lia,</strong></span> <span class='ocrx_word' id='word_1_14' title='bbox 664 385 823 439; x_wconf 86' lang='lat' dir='ltr'><strong>quam</strong></span> <span class='ocrx_word' id='word_1_15' title='bbox 864 363 1259 419; x_wconf 84' lang='lat' dir='ltr'><strong>vocabulorum</strong></span> <span class='ocrx_word' id='word_1_16' title='bbox 1311 361 1373 414; x_wconf 87' lang='lat' dir='ltr'><strong>ad</strong></span> <span class='ocrx_word' id='word_1_17' title='bbox 1413 359 1596 414; x_wconf 87' lang='lat' dir='ltr'><strong>sonum</strong></span> <span class='ocrx_word' id='word_1_18' title='bbox 1635 363 1993 426; x_wconf 80' lang='lat' dir='ltr'><strong>congruentia.</strong></span> <span class='ocrx_word' id='word_1_19' title='bbox 2078 362 2188 421; x_wconf 87' lang='lat' dir='ltr'><strong>Hic</strong></span> 
     </span>
     <span class='ocr_line' id='line_1_4' title="bbox 519 445 2190 517; baseline -0.003 -8"><span class='ocrx_word' id='word_1_20' title='bbox 519 471 652 509; x_wconf 80' lang='lat' dir='ltr'><strong>vero</strong></span> <span class='ocrx_word' id='word_1_21' title='bbox 680 449 899 506; x_wconf 88' lang='lat' dir='ltr'><strong>Grotius</strong></span> <span class='ocrx_word' id='word_1_22' title='bbox 925 493 938 517; x_wconf 87' lang='lat'>‚</span> <span class='ocrx_word' id='word_1_23' title='bbox 970 465 1028 504; x_wconf 91' lang='lat' dir='ltr'><strong>vt</strong></span> <span class='ocrx_word' id='word_1_24' title='bbox 1059 461 1166 501; x_wconf 88' lang='lat' dir='ltr'><strong>erat</strong></span> <span class='ocrx_word' id='word_1_25' title='bbox 1189 445 1487 500; x_wconf 76' lang='lat' dir='ltr'>admirabili</span> <span class='ocrx_word' id='word_1_26' title='bbox 1509 445 1702 502; x_wconf 87' lang='lat' dir='ltr'><strong>iudicio</strong></span> <span class='ocrx_word' id='word_1_27' title='bbox 1736 486 1751 514; x_wconf 90' lang='lat'>,</span> <span class='ocrx_word' id='word_1_28' title='bbox 1786 448 2045 516; x_wconf 86' lang='lat' dir='ltr'><strong>praeuidit</strong></span> <span class='ocrx_word' id='word_1_29' title='bbox 2082 450 2190 504; x_wconf 89' lang='lat' dir='ltr'><strong>ani-</strong></span> 
     </span>
     <span class='ocr_line' id='line_1_5' title="bbox 519 533 2179 609; baseline -0.007 -18"><span class='ocrx_word' id='word_1_30' title='bbox 519 558 643 609; x_wconf 86' lang='lat' dir='ltr'><strong>mo,</strong></span> <span class='ocrx_word' id='word_1_31' title='bbox 689 550 932 609; x_wconf 87' lang='lat' dir='ltr'><strong>quantum</strong></span> <span class='ocrx_word' id='word_1_32' title='bbox 970 533 1382 605; x_wconf 76' lang='lat' dir='ltr'><strong>perturbationis</strong></span> <span class='ocrx_word' id='word_1_33' title='bbox 1418 533 1471 586; x_wconf 91' lang='lat' dir='ltr'><strong>in</strong></span> <span class='ocrx_word' id='word_1_34' title='bbox 1509 549 1726 587; x_wconf 88' lang='lat' dir='ltr'><strong>omnem</strong></span> <span class='ocrx_word' id='word_1_35' title='bbox 1755 544 1991 587; x_wconf 81' lang='lat' dir='ltr'><strong>veterem</strong></span> <span class='ocrx_word' id='word_1_36' title='bbox 2016 533 2179 590; x_wconf 87' lang='lat' dir='ltr'><strong>histo.</strong></span> 
     </span>
     <span class='ocr_line' id='line_1_6' title="bbox 520 618 2186 695; baseline -0.003 -13"><span class='ocrx_word' id='word_1_37' title='bbox 520 631 655 683; x_wconf 86' lang='lat' dir='ltr'><strong>riam</strong></span> <span class='ocrx_word' id='word_1_38' title='bbox 677 623 848 678; x_wconf 90' lang='lat' dir='ltr'><strong>inuehi</strong></span> <span class='ocrx_word' id='word_1_39' title='bbox 868 621 1060 695; x_wconf 85' lang='lat' dir='ltr'><strong>poffit,</strong></span> <span class='ocrx_word' id='word_1_40' title='bbox 1088 619 1126 673; x_wconf 88' lang='lat' dir='ltr'>fi</span> <span class='ocrx_word' id='word_1_41' title='bbox 1150 620 1394 674; x_wconf 84' lang='lat' dir='ltr'><strong>incautius</strong></span> <span class='ocrx_word' id='word_1_42' title='bbox 1418 619 1595 691; x_wconf 89' lang='lat' dir='ltr'><strong>paullo</strong></span> <span class='ocrx_word' id='word_1_43' title='bbox 1620 637 1720 674; x_wconf 81' lang='lat' dir='ltr'><strong>nos</strong></span> <span class='ocrx_word' id='word_1_44' title='bbox 1741 621 1788 673; x_wconf 93' lang='lat' dir='ltr'><strong>in</strong></span> <span class='ocrx_word' id='word_1_45' title='bbox 1827 618 1935 672; x_wconf 93' lang='lat' dir='ltr'><strong>hoc</strong></span> <span class='ocrx_word' id='word_1_46' title='bbox 1957 623 2186 692; x_wconf 85' lang='lat' dir='ltr'><strong>negotio</strong></span> 
     </span>
     <span class='ocr_line' id='line_1_7' title="bbox 525 705 2189 786; baseline -0.003 -19"><span class='ocrx_word' id='word_1_47' title='bbox 525 727 768 786; x_wconf 81' lang='lat' dir='ltr'><strong>geramus</strong></span> <span class='ocrx_word' id='word_1_48' title='bbox 802 753 816 778; x_wconf 86' lang='lat'>‚</span> <span class='ocrx_word' id='word_1_49' title='bbox 863 721 916 763; x_wconf 90' lang='lat' dir='ltr'><strong>et</strong></span> <span class='ocrx_word' id='word_1_50' title='bbox 948 708 1163 762; x_wconf 79' lang='lat' dir='ltr'><strong>senserat</strong></span> <span class='ocrx_word' id='word_1_51' title='bbox 1203 707 1311 760; x_wconf 90' lang='lat' dir='ltr'><strong>hoc</strong></span> <span class='ocrx_word' id='word_1_52' title='bbox 1348 722 1417 760; x_wconf 87' lang='lat' dir='ltr'><strong>ex</strong></span> <span class='ocrx_word' id='word_1_53' title='bbox 1452 708 1723 762; x_wconf 87' lang='lat' dir='ltr'><strong>maiorum</strong></span> <span class='ocrx_word' id='word_1_54' title='bbox 1754 707 1803 759; x_wconf 89' lang='lat' dir='ltr'><strong>in</strong></span> <span class='ocrx_word' id='word_1_55' title='bbox 1819 705 1908 760; x_wconf 88' lang='lat' dir='ltr'><strong>illa</strong></span> <span class='ocrx_word' id='word_1_56' title='bbox 1931 707 2019 761; x_wconf 86' lang='lat' dir='ltr'><strong>via</strong></span> <span class='ocrx_word' id='word_1_57' title='bbox 2043 705 2189 762; x_wconf 87' lang='lat' dir='ltr'><strong>aber-</strong></span> 
     </span>
     <span class='ocr_line' id='line_1_8' title="bbox 522 791 2188 867; baseline -0.002 -14"><span class='ocrx_word' id='word_1_58' title='bbox 522 797 828 854; x_wconf 86' lang='lat' dir='ltr'><strong>rationibus.</strong></span> <span class='ocrx_word' id='word_1_59' title='bbox 924 793 1197 866; x_wconf 85' lang='lat' dir='ltr'><strong>Sapienter</strong></span> <span class='ocrx_word' id='word_1_60' title='bbox 1218 794 1306 848; x_wconf 90' lang='lat' dir='ltr'><strong>ille</strong></span> <span class='ocrx_word' id='word_1_61' title='bbox 1330 794 1381 847; x_wconf 87' lang='lat' dir='ltr'><strong>in</strong></span> <span class='ocrx_word' id='word_1_62' title='bbox 1413 793 1811 867; x_wconf 83' lang='lat' dir='ltr'><strong>prolegomenis</strong></span> <span class='ocrx_word' id='word_1_63' title='bbox 1840 794 1901 847; x_wconf 86' lang='lat' dir='ltr'><strong>ad</strong></span> <span class='ocrx_word' id='word_1_64' title='bbox 1916 791 2188 850; x_wconf 84' lang='lat' dir='ltr'><strong>historiam</strong></span> 
     </span>
     <span class='ocr_line' id='line_1_9' title="bbox 521 881 2188 953; baseline -0.002 -13"><span class='ocrx_word' id='word_1_65' title='bbox 521 881 821 940; x_wconf 88' lang='lat' dir='ltr'><strong>Gothicam</strong></span> <span class='ocrx_word' id='word_1_66' title='bbox 848 883 1052 937; x_wconf 88' lang='lat' dir='ltr'><strong>monuit</strong></span> <span class='ocrx_word' id='word_1_67' title='bbox 1078 923 1091 949; x_wconf 85' lang='lat'><strong>‚</strong></span> <span class='ocrx_word' id='word_1_68' title='bbox 1125 882 1272 953; x_wconf 82' lang='lat' dir='ltr'><strong>poffe</strong></span> <span class='ocrx_word' id='word_1_69' title='bbox 1305 881 1536 952; x_wconf 88' lang='lat' dir='ltr'><strong>populos</strong></span> <span class='ocrx_word' id='word_1_70' title='bbox 1572 894 1694 935; x_wconf 91' lang='lat' dir='ltr'><strong>toto</strong></span> <span class='ocrx_word' id='word_1_71' title='bbox 1717 895 1912 950; x_wconf 87' lang='lat' dir='ltr'><strong>genere</strong></span> <span class='ocrx_word' id='word_1_72' title='bbox 1949 894 2001 935; x_wconf 90' lang='lat' dir='ltr'><strong>et</strong></span> <span class='ocrx_word' id='word_1_73' title='bbox 2038 881 2188 936; x_wconf 87' lang='lat' dir='ltr'><strong>caelo</strong></span> 
     </span>
     <span class='ocr_line' id='line_1_10' title="bbox 525 963 2190 1040; baseline -0.002 -15"><span class='ocrx_word' id='word_1_74' title='bbox 525 968 718 1027; x_wconf 85' lang='lat' dir='ltr'><strong>diuisos</strong></span> <span class='ocrx_word' id='word_1_75' title='bbox 737 970 879 1024; x_wconf 91' lang='lat' dir='ltr'><strong>idem</strong></span> <span class='ocrx_word' id='word_1_76' title='bbox 906 985 1105 1022; x_wconf 91' lang='lat' dir='ltr'><strong>nomen</strong></span> <span class='ocrx_word' id='word_1_77' title='bbox 1133 984 1338 1039; x_wconf 85' lang='lat' dir='ltr'><strong>gerere.</strong></span> <span class='ocrx_word' id='word_1_78' title='bbox 1427 963 1519 1024; x_wconf 86' lang='lat' dir='ltr'><strong>Ne</strong></span> <span class='ocrx_word' id='word_1_79' title='bbox 1543 966 1826 1025; x_wconf 84' lang='lat' dir='ltr'><strong>Vandalos</strong></span> <span class='ocrx_word' id='word_1_80' title='bbox 1850 967 2080 1040; x_wconf 88' lang='lat' dir='ltr'><strong>quidem,</strong></span> <span class='ocrx_word' id='word_1_81' title='bbox 2107 969 2190 1040; x_wconf 89' lang='lat' dir='ltr'><strong>qui</strong></span> 
     </span>
     <span class='ocr_line' id='line_1_11' title="bbox 525 1052 2188 1126; baseline -0.002 -12"><span class='ocrx_word' id='word_1_82' title='bbox 525 1059 594 1114; x_wconf 87' lang='lat' dir='ltr'><strong>ab</strong></span> <span class='ocrx_word' id='word_1_83' title='bbox 630 1057 779 1113; x_wconf 90' lang='lat' dir='ltr'><strong>omni</strong></span> <span class='ocrx_word' id='word_1_84' title='bbox 822 1073 953 1111; x_wconf 88' lang='lat' dir='ltr'><strong>aeuo</strong></span> <span class='ocrx_word' id='word_1_85' title='bbox 994 1072 1022 1109; x_wconf 91' lang='lat' dir='ltr'><strong>a</strong></span> <span class='ocrx_word' id='word_1_86' title='bbox 1058 1052 1410 1126; x_wconf 86' lang='lat' dir='ltr'><strong>scriptoribus</strong></span> <span class='ocrx_word' id='word_1_87' title='bbox 1439 1067 1809 1109; x_wconf 88' lang='lat' dir='ltr'><strong>memorantur</strong></span> <span class='ocrx_word' id='word_1_88' title='bbox 1834 1098 1849 1124; x_wconf 85' lang='lat'>,</span> <span class='ocrx_word' id='word_1_89' title='bbox 1892 1071 1963 1110; x_wconf 87' lang='lat' dir='ltr'><strong>ex</strong></span> <span class='ocrx_word' id='word_1_90' title='bbox 1992 1055 2188 1111; x_wconf 88' lang='lat' dir='ltr'><strong>eodem</strong></span> 
     </span>
     <span class='ocr_line' id='line_1_12' title="bbox 525 1132 2188 1214; baseline -0.004 -11"><span class='ocrx_word' id='word_1_91' title='bbox 525 1146 770 1214; x_wconf 80' lang='lat' dir='ltr'><strong>sanguine</strong></span> <span class='ocrx_word' id='word_1_92' title='bbox 792 1142 928 1198; x_wconf 86' lang='lat' dir='ltr'><strong>illius</strong></span> <span class='ocrx_word' id='word_1_93' title='bbox 953 1141 1173 1212; x_wconf 85' lang='lat' dir='ltr'><strong>populi,</strong></span> <span class='ocrx_word' id='word_1_94' title='bbox 1219 1142 1301 1212; x_wconf 89' lang='lat' dir='ltr'><strong>qui</strong></span> <span class='ocrx_word' id='word_1_95' title='bbox 1325 1142 1377 1194; x_wconf 93' lang='lat' dir='ltr'><strong>in</strong></span> <span class='ocrx_word' id='word_1_96' title='bbox 1409 1132 1606 1193; x_wconf 89' lang='lat' dir='ltr'><strong>Africa</strong></span> <span class='ocrx_word' id='word_1_97' title='bbox 1641 1158 1819 1195; x_wconf 88' lang='lat' dir='ltr'><strong>rerum</strong></span> <span class='ocrx_word' id='word_1_98' title='bbox 1854 1144 2054 1213; x_wconf 89' lang='lat' dir='ltr'><strong>potitus</strong></span> <span class='ocrx_word' id='word_1_99' title='bbox 2090 1143 2188 1212; x_wconf 86' lang='lat' dir='ltr'><strong>est,</strong></span> 
     </span>
     <span class='ocr_line' id='line_1_13' title="bbox 524 1219 2195 1304; baseline -0.003 -16"><span class='ocrx_word' id='word_1_100' title='bbox 524 1233 689 1304; x_wconf 85' lang='lat' dir='ltr'><strong>repeti</strong></span> <span class='ocrx_word' id='word_1_101' title='bbox 759 1229 972 1300; x_wconf 89' lang='lat' dir='ltr'><strong>patitur.</strong></span> <span class='ocrx_word' id='word_1_102' title='bbox 1085 1223 1171 1281; x_wconf 89' lang='lat' dir='ltr'><strong>Sic</strong></span> <span class='ocrx_word' id='word_1_103' title='bbox 1212 1267 1227 1293; x_wconf 85' lang='lat'>,</span> <span class='ocrx_word' id='word_1_104' title='bbox 1287 1226 1395 1296; x_wconf 77' lang='lat' dir='ltr'><strong>quis</strong></span> <span class='ocrx_word' id='word_1_105' title='bbox 1445 1219 1738 1279; x_wconf 87' lang='lat' dir='ltr'><strong>Nomadas</strong></span> <span class='ocrx_word' id='word_1_106' title='bbox 1770 1260 1785 1291; x_wconf 93' lang='lat'>‚</span> <span class='ocrx_word' id='word_1_107' title='bbox 1846 1229 2007 1299; x_wconf 87' lang='lat' dir='ltr'><strong>(quafi</strong></span> <span class='ocrx_word' id='word_1_108' title='bbox 2058 1225 2195 1283; x_wconf 89' lang='lat' dir='ltr'><strong>Ger-</strong></span> 
     </span>
     <span class='ocr_line' id='line_1_14' title="bbox 527 1307 2196 1383; baseline -0.003 -8"><span class='ocrx_word' id='word_1_109' title='bbox 527 1333 712 1375; x_wconf 88' lang='lat' dir='ltr'><strong>manus</strong></span> <span class='ocrx_word' id='word_1_110' title='bbox 733 1314 1016 1374; x_wconf 87' lang='lat' dir='ltr'><strong>Vandalos</strong></span> <span class='ocrx_word' id='word_1_111' title='bbox 1040 1312 1201 1377; x_wconf 90' lang='lat' dir='ltr'><strong>dicat)</strong></span> <span class='ocrx_word' id='word_1_112' title='bbox 1223 1310 1370 1365; x_wconf 89' lang='lat' dir='ltr'><strong>illico</strong></span> <span class='ocrx_word' id='word_1_113' title='bbox 1394 1320 1545 1382; x_wconf 89' lang='lat' dir='ltr'><strong>putet</strong></span> <span class='ocrx_word' id='word_1_114' title='bbox 1573 1307 1806 1383; x_wconf 88' lang='lat' dir='ltr'><strong>Scythas</strong></span> <span class='ocrx_word' id='word_1_115' title='bbox 1837 1313 1966 1382; x_wconf 83' lang='lat' dir='ltr'><strong>effe,</strong></span> <span class='ocrx_word' id='word_1_116' title='bbox 1987 1330 2115 1370; x_wconf 91' lang='lat' dir='ltr'><strong>cum</strong></span> <span class='ocrx_word' id='word_1_117' title='bbox 2140 1315 2196 1370; x_wconf 92' lang='lat' dir='ltr'><strong>in</strong></span> 
     </span>
     <span class='ocr_line' id='line_1_15' title="bbox 530 1396 2193 1474; baseline -0.004 -14"><span class='ocrx_word' id='word_1_118' title='bbox 530 1401 727 1460; x_wconf 85' lang='lat' dir='ltr'><strong>Africa</strong></span> <span class='ocrx_word' id='word_1_119' title='bbox 749 1417 957 1474; x_wconf 87' lang='lat' dir='ltr'><strong>quoque</strong></span> <span class='ocrx_word' id='word_1_120' title='bbox 979 1397 1208 1470; x_wconf 87' lang='lat' dir='ltr'><strong>populus</strong></span> <span class='ocrx_word' id='word_1_121' title='bbox 1227 1398 1277 1452; x_wconf 94' lang='lat' dir='ltr'><strong>id</strong></span> <span class='ocrx_word' id='word_1_122' title='bbox 1302 1397 1538 1455; x_wconf 87' lang='lat' dir='ltr'><strong>nominis</strong></span> <span class='ocrx_word' id='word_1_123' title='bbox 1564 1416 1592 1453; x_wconf 93' lang='lat' dir='ltr'><strong>a</strong></span> <span class='ocrx_word' id='word_1_124' title='bbox 1612 1399 1855 1455; x_wconf 89' lang='lat' dir='ltr'><strong>moribus</strong></span> <span class='ocrx_word' id='word_1_125' title='bbox 1881 1399 1979 1455; x_wconf 88' lang='lat' dir='ltr'><strong>suis</strong></span> <span class='ocrx_word' id='word_1_126' title='bbox 2005 1396 2193 1473; x_wconf 71' lang='lat' dir='ltr'><strong>geffit?</strong></span> 
     </span>
     <span class='ocr_line' id='line_1_16' title="bbox 530 1484 2190 1558; baseline -0.004 -12"><span class='ocrx_word' id='word_1_127' title='bbox 530 1488 745 1546; x_wconf 77' lang='lat' dir='ltr'><strong>Borulci</strong></span> <span class='ocrx_word' id='word_1_128' title='bbox 766 1487 1124 1544; x_wconf 82' lang='lat' dir='ltr'><strong>aPtolemaeo</strong></span> <span class='ocrx_word' id='word_1_129' title='bbox 1156 1499 1265 1539; x_wconf 93' lang='lat' dir='ltr'><strong>non</strong></span> <span class='ocrx_word' id='word_1_130' title='bbox 1292 1485 1457 1553; x_wconf 83' lang='lat' dir='ltr'><strong>longe</strong></span> <span class='ocrx_word' id='word_1_131' title='bbox 1489 1503 1518 1540; x_wconf 91' lang='lat' dir='ltr'><strong>a</strong></span> <span class='ocrx_word' id='word_1_132' title='bbox 1543 1485 1733 1558; x_wconf 86' lang='lat' dir='ltr'><strong>Volga</strong></span> <span class='ocrx_word' id='word_1_133' title='bbox 1758 1485 1842 1540; x_wconf 91' lang='lat' dir='ltr'><strong>seu</strong></span> <span class='ocrx_word' id='word_1_134' title='bbox 1864 1484 2015 1542; x_wconf 85' lang='lat' dir='ltr'><strong>Ruffa</strong></span> <span class='ocrx_word' id='word_1_135' title='bbox 2040 1500 2190 1541; x_wconf 83' lang='lat' dir='ltr'><strong>vete-</strong></span> 
     </span>
     <span class='ocr_line' id='line_1_17' title="bbox 529 1568 2201 1645; baseline -0.003 -12"><span class='ocrx_word' id='word_1_136' title='bbox 529 1579 572 1634; x_wconf 90' lang='lat' dir='ltr'><strong>ri</strong></span> <span class='ocrx_word' id='word_1_137' title='bbox 598 1577 954 1643; x_wconf 82' lang='lat' dir='ltr'><strong>collocantur,</strong></span> <span class='ocrx_word' id='word_1_138' title='bbox 988 1590 1017 1627; x_wconf 89' lang='lat' dir='ltr'><strong>a</strong></span> <span class='ocrx_word' id='word_1_139' title='bbox 1041 1570 1223 1642; x_wconf 86' lang='lat' dir='ltr'><strong>quibus</strong></span> <span class='ocrx_word' id='word_1_140' title='bbox 1247 1572 1334 1644; x_wconf 87' lang='lat' dir='ltr'><strong>qui</strong></span> <span class='ocrx_word' id='word_1_141' title='bbox 1350 1569 1606 1627; x_wconf 84' lang='lat' dir='ltr'><strong>Boruffos</strong></span> <span class='ocrx_word' id='word_1_142' title='bbox 1629 1571 1711 1627; x_wconf 90' lang='lat' dir='ltr'><strong>seu</strong></span> <span class='ocrx_word' id='word_1_143' title='bbox 1735 1568 1940 1626; x_wconf 84' lang='lat' dir='ltr'><strong>Pruffos</strong></span> <span class='ocrx_word' id='word_1_144' title='bbox 1961 1575 2201 1645; x_wconf 88' lang='lat' dir='ltr'><strong>antiquos</strong></span> 
     </span>
     <span class='ocr_line' id='line_1_18' title="bbox 532 1657 2199 1729; baseline -0.002 -11"><span class='ocrx_word' id='word_1_145' title='bbox 532 1665 750 1729; x_wconf 82' lang='lat' dir='ltr'><strong>ducunt,</strong></span> <span class='ocrx_word' id='word_1_146' title='bbox 794 1677 893 1715; x_wconf 87' lang='lat' dir='ltr'><strong>nae</strong></span> <span class='ocrx_word' id='word_1_147' title='bbox 919 1659 994 1715; x_wconf 86' lang='lat' dir='ltr'><strong>illi</strong></span> <span class='ocrx_word' id='word_1_148' title='bbox 1016 1657 1359 1714; x_wconf 83' lang='lat' dir='ltr'><strong>vehementer</strong></span> <span class='ocrx_word' id='word_1_149' title='bbox 1381 1658 1645 1717; x_wconf 84' lang='lat' dir='ltr'><strong>falluntur.</strong></span> <span class='ocrx_word' id='word_1_150' title='bbox 1732 1659 1801 1713; x_wconf 92' lang='lat' dir='ltr'><strong>Et</strong></span> <span class='ocrx_word' id='word_1_151' title='bbox 1821 1670 1879 1712; x_wconf 86' lang='lat' dir='ltr'><strong>vt</strong></span> <span class='ocrx_word' id='word_1_152' title='bbox 1902 1658 1955 1711; x_wconf 92' lang='lat' dir='ltr'><strong>in</strong></span> <span class='ocrx_word' id='word_1_153' title='bbox 1974 1659 2079 1714; x_wconf 92' lang='lat' dir='ltr'><strong>hoc</strong></span> <span class='ocrx_word' id='word_1_154' title='bbox 2104 1675 2199 1715; x_wconf 83' lang='lat' dir='ltr'><strong>ex-</strong></span> 
     </span>
     <span class='ocr_line' id='line_1_19' title="bbox 532 1742 2198 1821; baseline -0.002 -16"><span class='ocrx_word' id='word_1_155' title='bbox 532 1748 717 1821; x_wconf 87' lang='lat' dir='ltr'><strong>emplo</strong></span> <span class='ocrx_word' id='word_1_156' title='bbox 746 1745 1042 1815; x_wconf 80' lang='lat' dir='ltr'><strong>ostendam,</strong></span> <span class='ocrx_word' id='word_1_157' title='bbox 1067 1763 1228 1817; x_wconf 88' lang='lat' dir='ltr'><strong>quam</strong></span> <span class='ocrx_word' id='word_1_158' title='bbox 1250 1744 1405 1801; x_wconf 89' lang='lat' dir='ltr'><strong>facile</strong></span> <span class='ocrx_word' id='word_1_159' title='bbox 1430 1745 1491 1800; x_wconf 84' lang='lat' dir='ltr'><strong>fit</strong></span> <span class='ocrx_word' id='word_1_160' title='bbox 1513 1745 1566 1800; x_wconf 92' lang='lat' dir='ltr'><strong>in</strong></span> <span class='ocrx_word' id='word_1_161' title='bbox 1597 1761 1662 1799; x_wconf 91' lang='lat' dir='ltr'><strong>eo</strong></span> <span class='ocrx_word' id='word_1_162' title='bbox 1695 1760 1889 1814; x_wconf 86' lang='lat' dir='ltr'><strong>genere</strong></span> <span class='ocrx_word' id='word_1_163' title='bbox 1919 1742 2058 1816; x_wconf 82' lang='lat' dir='ltr'><strong>falli,</strong></span> <span class='ocrx_word' id='word_1_164' title='bbox 2079 1763 2198 1802; x_wconf 86' lang='lat' dir='ltr'><strong>cum</strong></span> 
     </span>
     <span class='ocr_line' id='line_1_20' title="bbox 531 1831 2199 1893; baseline -0.004 -1"><span class='ocrx_word' id='word_1_165' title='bbox 531 1840 586 1893; x_wconf 86' lang='lat' dir='ltr'><strong>in</strong></span> <span class='ocrx_word' id='word_1_166' title='bbox 617 1835 854 1890; x_wconf 86' lang='lat' dir='ltr'><strong>nominis</strong></span> <span class='ocrx_word' id='word_1_167' title='bbox 897 1835 1258 1890; x_wconf 87' lang='lat' dir='ltr'><strong>conuenientia</strong></span> <span class='ocrx_word' id='word_1_168' title='bbox 1295 1831 1460 1888; x_wconf 87' lang='lat' dir='ltr'><strong>cardo</strong></span> <span class='ocrx_word' id='word_1_169' title='bbox 1483 1845 1532 1887; x_wconf 91' lang='lat' dir='ltr'><strong>et</strong></span> <span class='ocrx_word' id='word_1_170' title='bbox 1555 1832 1640 1888; x_wconf 79' lang='lat' dir='ltr'><strong>vis</strong></span> <span class='ocrx_word' id='word_1_171' title='bbox 1667 1834 1843 1888; x_wconf 89' lang='lat' dir='ltr'><strong>omnis</strong></span> <span class='ocrx_word' id='word_1_172' title='bbox 1868 1832 2199 1889; x_wconf 64' lang='lat' dir='ltr'><strong>conieeturae</strong></span> 
     </span>
     <span class='ocr_line' id='line_1_21' title="bbox 529 1916 2198 1993; baseline -0.004 -15"><span class='ocrx_word' id='word_1_173' title='bbox 529 1923 662 1978; x_wconf 84' lang='lat' dir='ltr'><strong>illius</strong></span> <span class='ocrx_word' id='word_1_174' title='bbox 691 1922 917 1976; x_wconf 83' lang='lat' dir='ltr'><strong>vertitur</strong></span> <span class='ocrx_word' id='word_1_175' title='bbox 940 1963 955 1990; x_wconf 84' lang='lat'>‚</span> <span class='ocrx_word' id='word_1_176' title='bbox 1000 1921 1136 1993; x_wconf 85' lang='lat' dir='ltr'><strong>fugit</strong></span> <span class='ocrx_word' id='word_1_177' title='bbox 1163 1934 1344 1976; x_wconf 89' lang='lat' dir='ltr'><strong>tamen</strong></span> <span class='ocrx_word' id='word_1_178' title='bbox 1366 1920 1543 1974; x_wconf 87' lang='lat' dir='ltr'><strong>bonos</strong></span> <span class='ocrx_word' id='word_1_179' title='bbox 1564 1922 1707 1976; x_wconf 85' lang='lat' dir='ltr'><strong>viros</strong></span> <span class='ocrx_word' id='word_1_180' title='bbox 1733 1954 1746 1986; x_wconf 89' lang='lat'>‚</span> <span class='ocrx_word' id='word_1_181' title='bbox 1793 1916 2050 1973; x_wconf 88' lang='lat' dir='ltr'><strong>Prutenos</strong></span> <span class='ocrx_word' id='word_1_182' title='bbox 2088 1922 2198 1992; x_wconf 80' lang='lat' dir='ltr'><strong>pri—</strong></span> 
     </span>
     <span class='ocr_line' id='line_1_22' title="bbox 533 2001 2191 2080; baseline -0.002 -16"><span class='ocrx_word' id='word_1_183' title='bbox 533 2027 683 2065; x_wconf 86' lang='lat' dir='ltr'><strong>mum</strong></span> <span class='ocrx_word' id='word_1_184' title='bbox 709 2027 737 2064; x_wconf 91' lang='lat' dir='ltr'><strong>a</strong></span> <span class='ocrx_word' id='word_1_185' title='bbox 761 2008 1004 2067; x_wconf 81' lang='lat' dir='ltr'><strong>Vilelmo</strong></span> <span class='ocrx_word' id='word_1_186' title='bbox 1031 2003 1318 2080; x_wconf 85' lang='lat' dir='ltr'><strong>Gnaphe0‚</strong></span> <span class='ocrx_word' id='word_1_187' title='bbox 1338 2020 1385 2062; x_wconf 90' lang='lat' dir='ltr'><strong>et</strong></span> <span class='ocrx_word' id='word_1_188' title='bbox 1413 2001 1660 2077; x_wconf 88' lang='lat' dir='ltr'><strong>Georgio</strong></span> <span class='ocrx_word' id='word_1_189' title='bbox 1702 2002 1903 2060; x_wconf 87' lang='lat' dir='ltr'><strong>Sabino</strong></span> <span class='ocrx_word' id='word_1_190' title='bbox 1945 2018 1998 2058; x_wconf 91' lang='lat' dir='ltr'><strong>et</strong></span> <span class='ocrx_word' id='word_1_191' title='bbox 2036 2006 2191 2061; x_wconf 87' lang='lat' dir='ltr'><strong>Loti-</strong></span> 
     </span>
     <span class='ocr_line' id='line_1_23' title="bbox 535 2088 2200 2167; baseline -0.003 -16"><span class='ocrx_word' id='word_1_192' title='bbox 535 2097 654 2152; x_wconf 89' lang='lat' dir='ltr'><strong>chio</strong></span> <span class='ocrx_word' id='word_1_193' title='bbox 685 2109 732 2151; x_wconf 88' lang='lat' dir='ltr'><strong>et</strong></span> <span class='ocrx_word' id='word_1_194' title='bbox 760 2096 946 2151; x_wconf 86' lang='lat' dir='ltr'><strong>ceteris</strong></span> <span class='ocrx_word' id='word_1_195' title='bbox 970 2094 1112 2148; x_wconf 86' lang='lat' dir='ltr'><strong>illius</strong></span> <span class='ocrx_word' id='word_1_196' title='bbox 1135 2096 1319 2150; x_wconf 85' lang='lat' dir='ltr'><strong>aetatis</strong></span> <span class='ocrx_word' id='word_1_197' title='bbox 1345 2095 1519 2167; x_wconf 86' lang='lat' dir='ltr'><strong>poetis</strong></span> <span class='ocrx_word' id='word_1_198' title='bbox 1542 2109 1737 2147; x_wconf 88' lang='lat' dir='ltr'><strong>nomen</strong></span> <span class='ocrx_word' id='word_1_199' title='bbox 1753 2088 2200 2148; x_wconf 84' lang='lat' dir='ltr'><strong>Borufforumac-</strong></span> 
     </span>
     <span class='ocr_line' id='line_1_24' title="bbox 526 2176 2197 2255; baseline -0.001 -18"><span class='ocrx_word' id='word_1_200' title='bbox 526 2176 729 2255; x_wconf 74' lang='lat' dir='ltr'><strong>&#39;cepiffe</strong></span> <span class='ocrx_word' id='word_1_201' title='bbox 771 2220 784 2250; x_wconf 88' lang='lat'>‚</span> <span class='ocrx_word' id='word_1_202' title='bbox 826 2181 1283 2237; x_wconf 77' lang='lat' dir='ltr'><strong>accommodatius</strong></span> <span class='ocrx_word' id='word_1_203' title='bbox 1311 2224 1324 2250; x_wconf 88' lang='lat'>‚</span> <span class='ocrx_word' id='word_1_204' title='bbox 1387 2191 1445 2232; x_wconf 84' lang='lat' dir='ltr'><strong>vt</strong></span> <span class='ocrx_word' id='word_1_205' title='bbox 1480 2179 1549 2233; x_wconf 87' lang='lat' dir='ltr'><strong>illi</strong></span> <span class='ocrx_word' id='word_1_206' title='bbox 1588 2177 1795 2249; x_wconf 85' lang='lat' dir='ltr'><strong>quidem</strong></span> <span class='ocrx_word' id='word_1_207' title='bbox 1835 2177 2136 2235; x_wconf 86' lang='lat' dir='ltr'><strong>iudicabant</strong></span> <span class='ocrx_word' id='word_1_208' title='bbox 2180 2216 2197 2249; x_wconf 89' lang='lat'>‚</span> 
     </span>
     <span class='ocr_line' id='line_1_25' title="bbox 537 2263 2202 2337; baseline 0.005 -22"><span class='ocrx_word' id='word_1_209' title='bbox 537 2270 623 2322; x_wconf 69' lang='lat' dir='ltr'><strong>osi</strong></span> <span class='ocrx_word' id='word_1_210' title='bbox 645 2270 900 2324; x_wconf 76' lang='lat' dir='ltr'><strong>Romano</strong></span> <span class='ocrx_word' id='word_1_211' title='bbox 924 2283 975 2322; x_wconf 82' lang='lat' dir='ltr'><strong>et</strong></span> <span class='ocrx_word' id='word_1_212' title='bbox 993 2269 1247 2328; x_wconf 70' lang='lat' dir='ltr'><strong>carmini,</strong></span> <span class='ocrx_word' id='word_1_213' title='bbox 1335 2263 1538 2335; x_wconf 85' lang='lat' dir='ltr'><strong>Omnis</strong></span> <span class='ocrx_word' id='word_1_214' title='bbox 1573 2275 1745 2319; x_wconf 89' lang='lat' dir='ltr'><strong>autem</strong></span> <span class='ocrx_word' id='word_1_215' title='bbox 1782 2264 2050 2337; x_wconf 86' lang='lat' dir='ltr'><strong>antiquitas</strong></span> <span class='ocrx_word' id='word_1_216' title='bbox 2085 2284 2202 2322; x_wconf 90' lang='lat' dir='ltr'><strong>me-</strong></span> 
     </span>
     <span class='ocr_line' id='line_1_26' title="bbox 542 2345 2199 2421; baseline 0.002 -15"><span class='ocrx_word' id='word_1_217' title='bbox 542 2353 612 2406; x_wconf 91' lang='lat' dir='ltr'><strong>dii</strong></span> <span class='ocrx_word' id='word_1_218' title='bbox 647 2356 757 2408; x_wconf 85' lang='lat' dir='ltr'><strong>aeui</strong></span> <span class='ocrx_word' id='word_1_219' title='bbox 797 2352 1044 2408; x_wconf 80' lang='lat' dir='ltr'><strong>Prutenos</strong></span> <span class='ocrx_word' id='word_1_220' title='bbox 1071 2390 1086 2420; x_wconf 87' lang='lat'><em>‚</em></span> <span class='ocrx_word' id='word_1_221' title='bbox 1123 2351 1347 2421; x_wconf 72' lang='lat' dir='ltr'><strong>Pruzos‚</strong></span> <span class='ocrx_word' id='word_1_222' title='bbox 1384 2345 1614 2418; x_wconf 69' lang='lat' dir='ltr'><strong>prucios,</strong></span> <span class='ocrx_word' id='word_1_223' title='bbox 1648 2348 1868 2406; x_wconf 79' lang='lat' dir='ltr'><strong>Brutios</strong></span> <span class='ocrx_word' id='word_1_224' title='bbox 1893 2365 1980 2407; x_wconf 91' lang='lat' dir='ltr'><strong>aut</strong></span> <span class='ocrx_word' id='word_1_225' title='bbox 2002 2355 2056 2408; x_wconf 90' lang='lat' dir='ltr'><strong>in</strong></span> <span class='ocrx_word' id='word_1_226' title='bbox 2075 2370 2199 2409; x_wconf 89' lang='lat' dir='ltr'><strong>eum</strong></span> 
     </span>
     <span class='ocr_line' id='line_1_27' title="bbox 539 2437 2197 2511; baseline 0.002 -19"><span class='ocrx_word' id='word_1_227' title='bbox 539 2441 765 2493; x_wconf 87' lang='lat' dir='ltr'><strong>modum</strong></span> <span class='ocrx_word' id='word_1_228' title='bbox 793 2441 1015 2493; x_wconf 77' lang='lat' dir='ltr'><strong>vocauit.</strong></span> <span class='ocrx_word' id='word_1_229' title='bbox 1099 2437 1423 2493; x_wconf 85' lang='lat' dir='ltr'><strong>Testimonia</strong></span> <span class='ocrx_word' id='word_1_230' title='bbox 1458 2438 1754 2508; x_wconf 81' lang='lat' dir='ltr'><strong>producere</strong></span> <span class='ocrx_word' id='word_1_231' title='bbox 1789 2439 2026 2508; x_wconf 72' lang='lat' dir='ltr'><strong>possem,</strong></span> <span class='ocrx_word' id='word_1_232' title='bbox 2067 2458 2197 2511; x_wconf 88' lang='lat' dir='ltr'><strong>quae</strong></span> 
     </span>
     <span class='ocr_line' id='line_1_28' title="bbox 541 2523 2201 2595; baseline 0.002 -16"><span class='ocrx_word' id='word_1_233' title='bbox 541 2526 728 2579; x_wconf 80' lang='lat' dir='ltr'><strong>multas</strong></span> <span class='ocrx_word' id='word_1_234' title='bbox 752 2524 969 2595; x_wconf 80' lang='lat' dir='ltr'><strong>paginas</strong></span> <span class='ocrx_word' id='word_1_235' title='bbox 997 2524 1243 2594; x_wconf 80' lang='lat' dir='ltr'><strong>impleant</strong></span> <span class='ocrx_word' id='word_1_236' title='bbox 1284 2523 1368 2589; x_wconf 6' lang='lat' dir='ltr'><strong>,gfi</strong></span> <span class='ocrx_word' id='word_1_237' title='bbox 1404 2538 1469 2576; x_wconf 87' lang='lat' dir='ltr'><strong>eo</strong></span> <span class='ocrx_word' id='word_1_238' title='bbox 1494 2526 1708 2595; x_wconf 83' lang='lat' dir='ltr'><strong>ingenio</strong></span> <span class='ocrx_word' id='word_1_239' title='bbox 1730 2524 1922 2589; x_wconf 74' lang='lat' dir='ltr'><strong>essem,</strong></span> <span class='ocrx_word' id='word_1_240' title='bbox 1958 2539 2015 2579; x_wconf 82' lang='lat' dir='ltr'><strong>vt</strong></span> <span class='ocrx_word' id='word_1_241' title='bbox 2046 2527 2096 2579; x_wconf 86' lang='lat' dir='ltr'><strong>in</strong></span> <span class='ocrx_word' id='word_1_242' title='bbox 2122 2526 2201 2582; x_wconf 86' lang='lat' dir='ltr'><strong>his</strong></span> 
     </span>
     <span class='ocr_line' id='line_1_29' title="bbox 540 2605 2200 2687; baseline 0 -20"><span class='ocrx_word' id='word_1_243' title='bbox 540 2627 626 2667; x_wconf 81' lang='lat' dir='ltr'><strong>me</strong></span> <span class='ocrx_word' id='word_1_244' title='bbox 657 2612 992 2666; x_wconf 82' lang='lat' dir='ltr'><strong>ostentarem.</strong></span> <span class='ocrx_word' id='word_1_245' title='bbox 1078 2608 1190 2687; x_wconf 83' lang='lat' dir='ltr'><strong>Qui</strong></span> <span class='ocrx_word' id='word_1_246' title='bbox 1216 2610 1339 2665; x_wconf 86' lang='lat' dir='ltr'><strong>mihi</strong></span> <span class='ocrx_word' id='word_1_247' title='bbox 1365 2626 1394 2663; x_wconf 86' lang='lat' dir='ltr'><strong>e</strong></span> <span class='ocrx_word' id='word_1_248' title='bbox 1429 2613 1696 2665; x_wconf 82' lang='lat' dir='ltr'><strong>contrario</strong></span> <span class='ocrx_word' id='word_1_249' title='bbox 1734 2624 1854 2665; x_wconf 84' lang='lat' dir='ltr'><strong>ante</strong></span> <span class='ocrx_word' id='word_1_250' title='bbox 1880 2605 2200 2685; x_wconf 82' lang='lat' dir='ltr'><strong>Gnapheum</strong></span> 
     </span>
    </p>
   </div>
   <div class='ocr_carea' id='block_1_3' title="bbox 2113 2715 2200 2758">
    <p class='ocr_par' dir='ltr' id='par_1_3' title="bbox 2113 2715 2200 2758">
     <span class='ocr_line' id='line_1_30' title="bbox 2113 2715 2200 2758; baseline 0.011 -2"><span class='ocrx_word' id='word_1_251' title='bbox 2113 2715 2200 2758; x_wconf 68' lang='lat' dir='ltr'><strong>aut</strong></span> 
     </span>
    </p>
   </div>
  </div>
 </body>
</html>
