2393 3590
686 203 801 266 DE
863 203 1359 268 CIMMERHS.
1749 229 1870 298 4⁰⁵⁷

1803 262 1858 291 “l

214 384 298 437 aut
325 364 577 427 Sabinum
606 374 659 418 et
682 374 799 419 ante
819 361 919 417 hos
945 362 1162 436 inquam
1177 362 1430 420 ducentos
1458 380 1621 424 annos
1646 368 1878 444 aliquem

209 458 470 533 producat
486 454 857 518 austorem,cui
869 449 1072 506 Boruffi
1089 452 1493 522 dicantur,illum
1521 471 1626 525 ego
1642 475 1774 512 vero
1808 461 1878 515 lu-

211 545 337 598 bens
364 538 774 597 remunerabor:
791 554 888 591 nec
912 539 1084 593 verius
1116 539 1189 593 est
1212 540 1494 612 quidquam
1520 583 1535 609 ‚
1555 561 1709 615 quam
1733 545 1876 618 quod

209 630 502 689 Matthaeus
536 624 838 681 Praetorius
864 625 997 680 vidit
1022 661 1037 693 ‚
1076 625 1215 680 vnde
1242 625 1457 682 Pruteni
1491 629 1542 683 se
1567 634 1879 689 vocauerint

211 715 458 791 populari
501 713 676 784 lingua
713 752 727 778 ‚
780 727 915 783 quae
960 712 1212 768 sententia
1286 714 1498 787 antiquis
1541 716 1878 775 historiarum

211 799 564 860 monumentis
587 797 953 853 confirmatur.
981 794 1086 854 Sed
1111 800 1217 857 hoc
1243 818 1355 856 non
1379 819 1501 875 ago:
1522 803 1650 861 illud
1673 819 1877 863 tantum

210 893 260 947 in
293 885 544 957 exemplo
572 884 771 940 docere
796 886 972 952 volui,
1002 904 1156 959 quam
1181 887 1458 945 infirmum
1484 907 1650 947 omne
1672 895 1793 950 illud
1812 894 1877 950 de

209 977 489 1033 nominum
521 974 864 1043 congruentia
893 987 1255 1040 argumentum
1280 976 1362 1036 fit,
1465 974 1550 1033 At
1574 996 1697 1037 cum
1723 980 1879 1039 Dido

210 1061 378 1134 aliquis
406 1054 845 1130 Aquitanicarum
884 1074 1064 1111 rerum
1098 1058 1331 1130 scriptor
1352 1065 1442 1138 (ς)
1471 1064 1665 1123 Danos
1701 1086 1731 1123 a
1761 1069 1876 1125 Da-

206 1153 340 1216 nais,
374 1162 500 1200 cum
526 1148 609 1202 alii
638 1163 665 1199 a
691 1143 864 1201 Dacis
889 1156 940 1198 et
966 1141 1141 1197 Dahis
1170 1145 1400 1203 deriuant
1435 1193 1448 1217 ‚
1483 1169 1603 1206 cum
1622 1156 1876 1212 Eluardus

206 1231 411 1290 Suecos
437 1252 466 1289 a
487 1230 668 1290 Sueu'is
694 1275 709 1302 ,
748 1247 869 1287 cum
897 1231 980 1286 alii
1006 1227 1246 1287 Saxones
1268 1249 1296 1286 a
1337 1229 1511 1304 Sacis,
1545 1238 1648 1293 hoc
1674 1243 1748 1296 est
1785 1279 1800 1309 ,
1836 1244 1873 1300 fi

201 1320 302 1376 diis
325 1321 527 1394 placet,
561 1339 590 1375 a
620 1317 828 1391 Scythis
857 1317 1123 1388 defluant,
1156 1337 1216 1375 ea
1245 1319 1518 1376 mehercle
1540 1324 1878 1398 vigilantium

201 1408 400 1463 somnia
423 1406 571 1476 sunt,
608 1424 671 1463 ne
697 1406 830 1479 quid
861 1406 1035 1460 dicam
1066 1410 1297 1479 grauius,
1381 1408 1612 1468 Talibus
1648 1412 1874 1470 delecta-

203 1495 239 1550 ti
264 1493 376 1547 sunt
400 1493 689 1569 scriptores
707 1491 1164 1564 septemtrionales
1194 1508 1244 1551 et
1263 1490 1564 1570 Auentinus
1581 1514 1635 1556 et
1657 1501 1748 1557 ille
1763 1519 1876 1560 non

201 1581 457 1647 indostuS,
494 1595 553 1634 vt
577 1593 698 1635 tunc
723 1594 870 1647 erat,
919 1577 1211 1638 fabularum
1233 1602 1422 1658 parens
1450 1582 1666 1645 Annius
1678 1590 1868 1649 Viter-

203 1666 402 1724 bienfis.
488 1663 629 1723 Satis
676 1681 791 1722 erat
824 1668 994 1739 aliqua
1026 1671 1312 1724 nominum
1349 1672 1528 1728 allufio
1553 1717 1567 1743 ,
1612 1689 1672 1730 vt
1706 1694 1874 1734 nouas

203 1754 495 1812 conderent
516 1753 759 1810 historias
783 1797 797 1824 ‚
841 1768 1005 1827 vtque
1027 1756 1321 1826 probarent
1355 1759 1495 1829 plebi
1522 1763 1872 1820 eruditorum.

204 1841 344 1920 Quid
370 1855 538 1897 autem
557 1855 760 1898 tantum
785 1842 859 1897 est
884 1843 939 1896 in
979 1833 1410 1901 Cimmeriorum
1433 1860 1488 1901 et
1512 1845 1869 1907 Cimbrorum

205 1931 451 1998 nomine,
497 1943 555 1984 vt
587 1945 772 1985 eorum
805 1947 904 1984 nos
942 1931 1151 2002 stirpem
1192 1932 1524 2005 populorum
1563 1935 1781 1994 miscere
1808 1957 1868 1995 o-

205 2012 454 2091 porteat?
501 2014 830 2074 Cimmerios
857 2035 886 2071 a
908 2012 1207 2072 Gomeritis
1252 2020 1426 2074 dictos
1460 2022 1597 2076 fuisse
1627 2058 1643 2090 ‚
1679 2025 1869 2082 admo-

207 2105 330 2159 dum
352 2103 636 2175 probabile
655 2103 730 2158 est
757 2141 773 2172 ‚
810 2117 895 2158 aut
917 2105 1074 2178 plane
1099 2120 1308 2175 paratus
1333 2104 1443 2162 sum
1471 2107 1699 2165 deierare
1722 2155 1736 2181 ,
1774 2131 1868 2166 vn-

207 2192 269 2246 de
291 2191 412 2246 dicti
432 2192 560 2259 sint,
591 2209 701 2246 non
724 2189 940 2264 liquere.
1031 2191 1119 2247 At
1144 2192 1378 2249 Romani
1403 2191 1690 2252 Plutarcho
1729 2212 1782 2253 et
1813 2195 1866 2255 S.

205 2276 464 2348 Pompeio
484 2273 647 2334 Festo
671 2274 1353 2344 austoribusssimbrorum
1380 2299 1576 2339 nomen
1599 2283 1868 2341 Celticum

204 2365 301 2419 esse
351 2375 401 2417 et
428 2362 665 2421 latronem
690 2366 1001 2436 fignificare.
1027 2382 1430 2440 compererunt.
1525 2369 1588 2426 Id
1613 2373 1867 2429 vocabuli

206 2451 369 2508 adhuc
396 2447 590 2507 habent
614 2453 819 2526 linguae
846 2453 1104 2511 Celticae.
1191 2455 1511 2512 Islandicam
1538 2458 1682 2529 dicO,
1714 2456 1775 2514 N
1781 2478 1865 2517 or-

206 2540 447 2609 uegicam
476 2580 491 2606 ‚
523 2534 799 2596 Suedicam
825 2584 838 2607 ‚
861 2538 1569 2610 Danicam‚Germanicam.
1657 2545 1719 2602 In
1744 2565 1864 2604 mo-

203 2623 483 2699 nosyllabis
509 2622 781 2687 Islandicis
804 2628 971 2687 Ionae
997 2630 1299 2704 Rugmanni
1330 2631 1477 2711 kamp
1510 2635 1580 2692 est
1604 2632 1754 2705 lubia,
1771 2645 1862 2707 pa-

998 2713 1150 2773 Hhh
1173 2733 1213 2776 2
1671 2719 1862 2792 lez-‘stra

273 2882 344 2938 (5)
382 2881 496 2945 apud
518 2879 744 2932 Saxonem
765 2882 1138 2934 Grammaticum
1162 2886 1194 2934 f.
1225 2900 1266 2949 ς,
