2393 3590
549 155 680 219 280
1054 150 1168 213 DE
1256 146 1628 210 TVBVLIS

551 311 750 368 fistulae
776 310 1107 384 graciliorem
1130 321 1183 362 et
1216 306 1505 362 extrahatur
1527 305 1715 363 iterum
1742 301 2014 363 succeffiue
2037 347 2051 375 ,
2110 303 2219 362 fils-

553 401 813 472 pendetur
844 411 961 452 tota
983 415 1139 469 aquae
1162 396 1411 449 columna
1434 388 1566 448 DC.

696 484 956 554 Equidem
985 483 1070 537 hic
1097 482 1218 537 nihil
1247 480 1353 544 est,
1392 477 1537 548 quod
1562 493 1747 546 aquam
1773 478 1922 532 altiu‘s
1948 477 2219 550 suspende·

553 587 614 624 re
637 570 820 640 poffit,
855 589 1010 640 quam
1037 567 1308 622 contactus
1334 564 1445 617 eius
1474 561 1538 615 ad
1561 562 1923 632 peripherinin
1953 560 2065 609 tubi
2095 565 2205 611 stri-

499 646 502 653 ’
554 656 744 710 c‘tioris.
829 657 993 713 Vnde
1024 655 1175 708 etiam
1203 650 1292 711 fit,
1334 660 1388 700 vt
1415 645 1613 702 inuersb
1643 646 1814 705 tubo>
1847 637 2128 711 mersoque
2154 660 2217 697 o-

249 1445 422 1506 Phaen.
430 1460 475 1528 4
487 1459 510 1523 5

553 740 728 794 rificio
762 741 1017 795 strictiore
1040 782 1054 808 ,
1104 732 1324 792 altitudo
1350 741 1513 795 aquae
1545 723 1776 779 eleuatae
1802 726 1972 780 maior
1993 725 2220 787 obtineri

552 842 663 880 non
692 827 852 884 pom.—
877 859 891 880 ,
933 829 1091 883 quam
1116 806 1240 876 (ΞΒ,
1258 810 1295 864 si
1321 808 1563 883 suprema
1590 828 1750 883 aquae
1775 812 2069 884 superficies
2085 829 2219 870 con-

551 900 770 955 stituitur
794 900 842 951 in
867 899 998 953 tubo
1019 898 1302 969 ampliore.

699 983 970 1044 XLVHI.
1056 985 1143 1040 Est
1164 985 1291 1039 baec
1317 984 1450 1038 adeo
1476 985 1646 1039 amica
1668 997 1883 1041 naturae
1904 987 2233 1060 proporti0‚·

553 1084 636 1142 vt,
662 1071 831 1128 fitubi
862 1072 1139 1145 amplioris
1164 1070 1301 1124 'loco
1328 1086 1545 1142 magnum
1577 1071 1779 1127 fistulae
1812 1074 2092 1146 graciliori
2116 1089 2217 1129 vas

554 1160 890 1226 adiunxeris,
938 1157 1096 1229 postis
1123 1169 1302 1211 tamen
1326 1154 1634 1226 suspendere
1659 1176 1846 1230 aquam
1875 1160 1937 1214 ad
1982 1160 2219 1216 altitudi-

552 1264 675 1301 nem
712 1245 1033 1316 periphiriae
1074 1242 1340 1297 strictioris
1370 1241 1537 1295 tubuli
1573 1247 1999 1306 conuenientem,
2088 1246 2210 1302 De-

553 1331 656 1388 beo
678 1332 784 1388 hoc
807 1332 994 1387 moriti
1021 1329 1199 1381 eidem
1221 1325 1422 1379 Iurim'o
1436 1362 1451 1393 ,
1481 1327 1569 1400 qui
1589 1326 1852 1398 obseruat‚

772 1416 942 1495 45.ὶί
965 1412 1071 1468 vasi
1096 1411 1527 1485 ampliffim0‚sed
1540 1414 1828 1472 altitudinis
1845 1417 2010 1489 paulo
2031 1418 2212 1474 mino-

552 1507 621 1560 ris
639 1542 654 1573 ‚
691 1519 847 1574 quam
871 1520 916 1574 qi
941 1518 1000 1556 ae
1025 1500 1304 1555 conueniat
1327 1500 1603 1555 eleuationi
1619 1519 1780 1574 aquae
1801 1503 1856 1556 in
1882 1501 2219 1559 tubulomox

554 1588 930 1658 memorando²
959 1586 1205 1657 affigatur
1229 1585 1445 1658 superne
1476 1587 1681 1644 tubulus
1724 1589 1998 1658 capillatis
2033 1591 2206 1641 minu-

552 1692 637 1733 tae
661 1675 940 1732 admodun
979 1674 1228 1729 diametri
1260 1673 1343 1744 ’,ᾗ
1376 1692 1470 1730 vas
1501 1674 1619 1728 illud
1655 1690 1820 1745 aquae
1845 1675 2214 1742 immergatur,

555 1764 729 1819 donec
755 1781 884 1834 aqua
908 1776 944 1817 t*
967 1762 1150 1815 bulum
1184 1761 1545 1833 ingrediatur:
1584 1761 1729 1833 posse
1750 1777 1970 1814 omnem
1995 1760 2136 1815 illam
2164 1762 2217 1813 in

554 1852 670 1907 vase
694 1863 929 1906 contenta
954 1868 993 1904 n
1019 1866 1178 1920 aquae
1192 1847 1397 1903 molem
1429 1866 1539 1921 ope
1570 1848 1711 1902 huius
1733 1847 1863 1903 Vafis
1898 1847 2097 1902 eleuari
2131 1844 2207 1900 su-

553 1957 655 2013 pra
676 1938 913 1993 libellam
936 1953 1055 1989 ¹tum
1080 1936 1349 1994 exteriori,

690 2026 861 2084 Vnde
884 2023 1246 2080 Corollarium
1272 2021 1386 2077 fatis
1403 2020 1727 2096 paradoxum
1755 2020 1973 2092 sequitur
2007 2061 2024 2087 ‚
2062 2015 2218 2089 poffe

552 2112 655 2168 scil.
682 2111 892 2168 molem
916 2128 1076 2182 aquae
1102 2121 1553 2182 quantamcunque
1572 2126 1681 2181 ope
1700 2107 1865 2163 tubuli
1889 2105 2137 2180 capillaris
2156 2120 2213 2158 e-

555 2200 713 2256 leuari
737 2198 888 2269 supra
908 2198 1155 2252 libellam
1180 2195 1471 2250 ambientis.

702 2284 917 2341 XLIX.
1005 2284 1128 2342 Non
1162 2283 1319 2338 debet
1351 2282 1486 2337 obiici
1506 2281 1580 2335 his
1614 2279 1759 2336 dietis
1786 2302 1795 2336 :
1831 2276 1881 2335 Si
1909 2274 2218 2350 peripheria

562 2372 677 2426 tubi
694 2371 965 2424 strietioris
989 2371 1190 2425 nonnisi
1219 2373 1522 2426 columnam
1546 2384 1774 2439 aqueam
1800 2364 2074 2422 altitudinis
2098 2358 2219 2419 AF

565 2457 845 2510 sustentare
871 2458 1042 2523 potest
1069 2459 1118 2509 in
1143 2458 1330 2511 tubulo
1357 2456 1533 2528 gracili
1560 2455 1851 2526 cylindrico
1887 2471 1899 2506 :
1937 2451 2221 2522 quomodo

565 2542 651 2596 illa
701 2538 889 2593 li.1fficit
921 2541 1198 2593 columnae
1248 2558 1411 2609 aeque
1441 2543 1571 2593 altae
1601 2580 1614 2604 ,
1665 2555 1785 2590 cum
1828 2536 1981 2588 tubus
2018 2533 2224 2589 inferne

569 2627 803 2698 amplior
828 2667 842 2693 ‚
878 2638 930 2679 et
955 2624 1127 2677 moles
1155 2640 1316 2690 aquae
1339 2624 1515 2676 maior
1543 2616 1646 2676 est?
1676 2621 1791 2678 Vel
1810 2622 1924 2673 vice
1946 2621 2092 2675 versa
2117 2641 2128 2675 :
2165 2621 2222 2676 Si

567 2712 866 2788 peripheria
891 2712 1009 2767 tubi
1036 2709 1307 2785 amplioris
1342 2707 1450 2766 CD
1486 2709 1656 2784 potest
1685 2707 1890 2763 eleuare
1914 2705 2226 2764 columnam

2066 2810 2226 2867 aeque
