2393 3590
679 98 1309 188 CAPILLARIBVS.
1680 149 1809 213 253

148 296 280 354 finite
308 292 454 347 fluxu
490 279 787 353 mensuraui
818 280 1144 338 altitudinem
1185 284 1291 339 eius
1316 283 1367 338 in
1399 283 1527 342 tubo
1559 285 1811 362 longiore

146 384 285 452 supra
311 373 549 432 libellam
572 368 809 422 eiusdem
836 370 887 424 in
916 385 1072 425 crure
1095 371 1332 443 capillati
1354 390 1364 425 :
1398 386 1450 427 et
1479 374 1811 447 deprehendi

148 484 265 524 eam
297 460 503 520 duobus
528 457 820 526 etamplius
845 455 1016 530 digitis
1036 459 1303 514 excedere
1319 459 1803 520 altitudinemmer-

148 554 278 611 curii
311 553 365 604 in
395 548 714 605 Barometro
750 543 986 615 simplici.
1070 546 1291 604 Variata
1318 548 1665 618 postmodum
1715 565 1796 607 at-

147 638 479 712 mosphaerae
506 631 755 702 grauitate
780 673 795 701 ,
827 644 1022 687 mutata
1056 633 1215 690 etiam
1241 633 1316 688 est
1336 634 1554 692 altitudo
1579 653 1803 693 mercu-

150 729 222 785 rii
255 730 309 780 in
329 723 425 778 ho'c
449 716 599 770 tubo,
684 715 981 775 Obseruaui
1007 720 1063 774 id
1090 721 1144 774 in
1169 721 1409 794 capillati
1433 723 1617 793 fistula,
1653 743 1803 781 nam-

153 833 258 889 que
276 813 324 866 in
347 807 505 861 altero
527 821 672 858 crure
696 805 747 859 id
783 821 896 859 non
920 805 1242 865 succederet:
1277 825 1448 879 neque
1484 814 1800 885 proportio-

155 902 292 958 nales
313 893 409 950 sunt
427 890 524 946 hae
550 894 870 946 mutationes
899 892 998 948 illis
1024 937 1039 964 ,
1081 912 1214 965 quae
1238 897 1287 950 in
1314 893 1637 953 Barometro
1663 899 1798 957 fiunt

154 981 390 1058 fimplici·
379 1020 395 1047 ,
447 979 700 1050 quoniam
742 978 1002 1047 capilliris
1034 980 1198 1033 tubuli
1228 983 1533 1051 amplitudo
1561 987 1651 1043 vix
1672 985 1790 1061 sup-

147 1073 261 1148 poni
279 1066 447 1136 potest
474 1066 662 1119 eadem
689 1082 787 1136 per
810 1062 1038 1136 spatium
1072 1066 1303 1121 nonnihil
1329 1067 1562 1138 longius,

266 1151 453 1212 Fallor
484 1148 506 1205 ἓ
545 1170 612 1206 an
639 1153 830 1206 inferre
854 1147 1010 1206 licet?
1042 1148 1095 1205 Si
1115 1170 1202 1206 aer
1229 1155 1279 1205 in
1305 1171 1433 1208 vere
1460 1158 1684 1227 capillati
1691 1161 1795 1216 bus

133 1240 303 1317 potest
339 1238 647 1311 suspendere
687 1255 1017 1293 mercurium
1057 1237 1127 1293 ad
1153 1248 1315 1293 totam
1343 1283 1356 1309 ‚
1399 1258 1529 1312 quae
1558 1248 1795 1316 grauitati

129 1329 232 1384 eius
254 1325 535 1400 respondet
563 1360 578 1391 ‚
616 1326 932 1379 altitudinem
957 1326 1151 1380 :curin
1173 1327 1458 1383 ordinari-is
1481 1330 1657 1384 multo
1685 1351 1795 1389 am-

122 1414 378 1487 plioribus
400 1430 508 1465 non
543 1410 736 1464 sufficit
769 1411 1002 1465 eiusdem
1029 1413 1222 1484 preffio
1250 1415 1311 1470 ad
1352 1420 1795 1489 componendam

122 1500 322 1556 fistulae
347 1497 653 1552 interiorem
682 1515 869 1570 aquam
901 1516 1019 1554 cum
1045 1505 1259 1556 externa
1277 1502 1339 1557 ad
1366 1500 1647 1561 libellam?
1675 1506 1786 1564 Di-

122 1590 182 1642 xi
211 1624 226 1654 ‚
261 1585 322 1642 ad
344 1593 510 1639 totam
538 1601 550 1637 :
576 1585 720 1656 quod
742 1586 883 1639 enim
915 1587 1090 1642 maior
1113 1586 1209 1644 fuit
1241 1589 1466 1646 altitudo
1500 1596 1748 1649 mercurii
1773 1614 1793 1665 ·‚

124 1674 179 1728 id
205 1673 352 1730 alteri
380 1668 719 1727 tribuen'dum
746 1674 817 1727 est
839 1672 1037 1728 cauffae
1066 1709 1081 1741 ‚
1111 1693 1269 1748 quam
1299 1679 1554 1749 preffioni
1582 1682 1732 1740 aeris,

270 1760 472 1818 XXII.
569 1756 843 1816 Succurrit
866 1774 917 1814 et
945 1760 1112 1831 aliud,
1147 1763 1291 1836 quod
1319 1766 1516 1823 attendi
1538 1780 1791 1838 meretur,

120 1848 563 1922 experimentum

264 1948 366 2013 24.
454 1931 700 1990 Affumfi
726 1933 952 1988 fistulam
984 1936 1138 1991 valde
1174 1936 1462 2009 gracilem,
1497 1937 1635 2012 fregi
1661 1958 1781 1997 eam
1811 1945 1994 2013 Phae„
2006 1984 2094 2025 24

114 2021 164 2077 in
187 2022 397 2091 medi0‚
413 2034 464 2076 et
489 2019 758 2075 obseruaui
795 2021 1112 2093 altitudineS,
1128 2025 1194 2079 ad
1220 2043 1344 2095 quas
1374 2025 1675 2082 eleuaretur
1709 2045 1772 2082 ο-

114 2109 249 2164 leum
275 2109 563 2165 oliuarum
551 2126 601 2162 1n
627 2125 772 2176 vn0‚
819 2120 872 2162 et
892 2110 1073 2165 vinum
1092 2111 1345 2167 rubrum'
1331 2131 1385 2166 m
1409 2113 1572 2168 altero
1596 2114 1777 2173 frustu-

116 2195 170 2249 lo
194 2238 208 2264 ,
251 2196 510 2252 immersis
545 2194 645 2249 scil.
683 2198 1108 2252 extremitatibus
1145 2240 1160 2267 ,
1192 2216 1322 2270 quae
1345 2200 1766 2271 pri'uscohaese-

113 2297 254 2353 rant,
287 2297 343 2339 vt
361 2283 675 2338 sensibiliter
695 2284 883 2337 eadem
918 2282 1043 2338 effet
1066 2285 1352 2341 fistularum
1385 2289 1671 2358 capacitas
1699 2291 1779 2346 E-

112 2382 193 2424 rat
211 2370 313 2426 olei
344 2372 562 2426 altitudo
597 2385 643 2424 1.
671 2369 800 2442 poll.
835 2372 914 2446 3}
938 2372 1024 2426 lin.
1053 2373 1154 2426 vini
1180 2371 1326 2427 rubri
1366 2388 1410 2428 1.
1437 2376 1565 2446 poll.
1598 2374 1648 2435 8.
1679 2377 1771 2432 lin.

114 2457 263 2525 pedis
286 2458 441 2529 Regii
466 2454 626 2517 Paris,
716 2452 930 2511 Admifi
966 2460 1014 2513 in
1040 2459 1261 2514 alterum
1288 2460 1398 2515 vini
1424 2461 1773 2519 columellam

119 2541 181 2595 ad
205 2544 526 2601 altitudinem
567 2544 786 2599 circiter
831 2540 884 2601 8.
924 2545 1015 2600 lin.
1050 2560 1101 2602 et
1138 2546 1292 2604 merfi
1334 2548 1610 2606 orificium
1633 2550 1766 2606 inse-

120 2627 223 2681 rius
253 2629 334 2685 sub
367 2633 492 2688 oleo
517 2634 582 2687 acl
603 2629 1014 2704 profunditatem
1037 2638 1196 2688 trium
1223 2635 1499 2690 linearum.
1588 2638 1763 2693 Intra-

120 2713 377 2773 uitoleum
400 2722 462 2778 acl
484 2720 716 2777 libellam
740 2733 864 2775 cum
891 2720 1135 2775 exteriori
1165 2743 1177 2779 ;
1207 2719 1379 2799 ibique
1400 2720 1619 2780 substitit.
1646 2725 1758 2780 Ex-

924 2804 953 2863 Ι
977 2807 994 2862 i
1043 2819 1072 2881 3
1667 2823 1771 2867 tra-
