<?xml version="1.0" encoding="UTF-8"?>
<!DOCTYPE html PUBLIC "-//W3C//DTD XHTML 1.0 Transitional//EN"
    "http://www.w3.org/TR/xhtml1/DTD/xhtml1-transitional.dtd">
<html xmlns="http://www.w3.org/1999/xhtml" xml:lang="en" lang="en">
 <head>
  <title>
</title>
<meta http-equiv="Content-Type" content="text/html;charset=utf-8" />
  <meta name='ocr-system' content='tesseract 3.04.00' />
  <meta name='ocr-capabilities' content='ocr_page ocr_carea ocr_par ocr_line ocrx_word'/>
</head>
<body>
  <div class='ocr_page' id='page_1' title='image "./commentariiacade02impe_0293.png"; bbox 0 0 2393 3590; ppageno 0'>
   <div class='ocr_carea' id='block_1_1' title="bbox 704 76 1807 155">
    <p class='ocr_par' dir='ltr' id='par_1_1' title="bbox 704 76 1807 155">
     <span class='ocr_line' id='line_1_1' title="bbox 704 76 1807 155; baseline 0.01 -14"><span class='ocrx_word' id='word_1_1' title='bbox 704 76 1319 147; x_wconf 79' lang='lat' dir='ltr'><strong><em>CAPILLARIBVS.</em></strong></span> <span class='ocrx_word' id='word_1_2' title='bbox 1690 91 1766 155; x_wconf 76' lang='lat'>28</span> <span class='ocrx_word' id='word_1_3' title='bbox 1785 111 1807 152; x_wconf 88' lang='lat'>1</span> 
     </span>
    </p>
   </div>
   <div class='ocr_carea' id='block_1_2' title="bbox 115 230 1819 2806">
    <p class='ocr_par' dir='ltr' id='par_1_2' title="bbox 126 230 1819 1436">
     <span class='ocr_line' id='line_1_2' title="bbox 153 230 1817 315; baseline 0.001 -17"><span class='ocrx_word' id='word_1_4' title='bbox 153 257 315 315; x_wconf 82' lang='lat' dir='ltr'>aeque</span> <span class='ocrx_word' id='word_1_5' title='bbox 340 232 575 307; x_wconf 82' lang='lat' dir='ltr'><strong>amplam</strong></span> <span class='ocrx_word' id='word_1_6' title='bbox 601 231 665 289; x_wconf 87' lang='lat' dir='ltr'>ad</span> <span class='ocrx_word' id='word_1_7' title='bbox 681 233 1010 291; x_wconf 83' lang='lat' dir='ltr'>altitudinem</span> <span class='ocrx_word' id='word_1_8' title='bbox 1036 230 1166 308; x_wconf 81' lang='lat' dir='ltr'>GB3</span> <span class='ocrx_word' id='word_1_9' title='bbox 1186 255 1279 294; x_wconf 90' lang='lat' dir='ltr'>cur</span> <span class='ocrx_word' id='word_1_10' title='bbox 1299 256 1407 296; x_wconf 91' lang='lat' dir='ltr'>non</span> <span class='ocrx_word' id='word_1_11' title='bbox 1433 240 1583 299; x_wconf 84' lang='lat' dir='ltr'>altius</span> <span class='ocrx_word' id='word_1_12' title='bbox 1609 239 1817 299; x_wconf 87' lang='lat' dir='ltr'>eleuare</span> 
     </span>
     <span class='ocr_line' id='line_1_3' title="bbox 148 320 1819 401; baseline 0.002 -20"><span class='ocrx_word' id='word_1_13' title='bbox 148 326 320 401; x_wconf 88' lang='lat' dir='ltr'>potest</span> <span class='ocrx_word' id='word_1_14' title='bbox 336 339 543 395; x_wconf 85' lang='lat' dir='ltr'>aquam,</span> <span class='ocrx_word' id='word_1_15' title='bbox 560 320 597 375; x_wconf 88' lang='lat' dir='ltr'>fi</span> <span class='ocrx_word' id='word_1_16' title='bbox 608 339 732 393; x_wconf 88' lang='lat' dir='ltr'>pars</span> <span class='ocrx_word' id='word_1_17' title='bbox 744 320 888 378; x_wconf 84' lang='lat' dir='ltr'>huius</span> <span class='ocrx_word' id='word_1_18' title='bbox 901 324 1171 379; x_wconf 85' lang='lat' dir='ltr'>altitudinis</span> <span class='ocrx_word' id='word_1_19' title='bbox 1184 342 1482 400; x_wconf 88' lang='lat' dir='ltr'>occupatur</span> <span class='ocrx_word' id='word_1_20' title='bbox 1508 349 1537 385; x_wconf 89' lang='lat' dir='ltr'>a</span> <span class='ocrx_word' id='word_1_21' title='bbox 1551 330 1681 384; x_wconf 90' lang='lat' dir='ltr'>tubo</span> <span class='ocrx_word' id='word_1_22' title='bbox 1700 330 1819 384; x_wconf 88' lang='lat' dir='ltr'>stri-</span> 
     </span>
     <span class='ocr_line' id='line_1_4' title="bbox 146 409 1815 492; baseline 0.001 -25"><span class='ocrx_word' id='word_1_23' title='bbox 146 413 320 468; x_wconf 67' lang='lat' dir='ltr'>&amp;iore</span> <span class='ocrx_word' id='word_1_24' title='bbox 348 446 363 477; x_wconf 87' lang='lat'>‚</span> <span class='ocrx_word' id='word_1_25' title='bbox 420 422 576 479; x_wconf 86' lang='lat' dir='ltr'>atque</span> <span class='ocrx_word' id='word_1_26' title='bbox 601 409 736 462; x_wconf 88' lang='lat' dir='ltr'>adeo</span> <span class='ocrx_word' id='word_1_27' title='bbox 760 410 941 464; x_wconf 87' lang='lat' dir='ltr'>minor</span> <span class='ocrx_word' id='word_1_28' title='bbox 965 411 1040 466; x_wconf 91' lang='lat' dir='ltr'>est</span> <span class='ocrx_word' id='word_1_29' title='bbox 1064 426 1228 484; x_wconf 87' lang='lat' dir='ltr'>aquae</span> <span class='ocrx_word' id='word_1_30' title='bbox 1258 416 1431 469; x_wconf 86' lang='lat' dir='ltr'>moles</span> <span class='ocrx_word' id='word_1_31' title='bbox 1459 412 1484 470; x_wconf 65' lang='grc' dir='ltr'>,ἶ</span> <span class='ocrx_word' id='word_1_32' title='bbox 1528 415 1815 492; x_wconf 74' lang='lat' dir='ltr'><em>Respondet</em></span> 
     </span>
     <span class='ocr_line' id='line_1_5' title="bbox 145 493 1814 575; baseline 0.003 -23"><span class='ocrx_word' id='word_1_33' title='bbox 145 497 254 556; x_wconf 85' lang='lat' dir='ltr'>Vir</span> <span class='ocrx_word' id='word_1_34' title='bbox 279 496 557 552; x_wconf 85' lang='lat' dir='ltr'>iudiciosus</span> <span class='ocrx_word' id='word_1_35' title='bbox 579 511 644 547; x_wconf 87' lang='lat' dir='ltr'>ex</span> <span class='ocrx_word' id='word_1_36' title='bbox 670 493 871 568; x_wconf 83' lang='lat' dir='ltr'>vulgari</span> <span class='ocrx_word' id='word_1_37' title='bbox 894 496 1262 567; x_wconf 86' lang='lat' dir='ltr'>hydrostatica.</span> <span class='ocrx_word' id='word_1_38' title='bbox 1346 503 1560 559; x_wconf 89' lang='lat' dir='ltr'>Molem</span> <span class='ocrx_word' id='word_1_39' title='bbox 1597 502 1814 575; x_wconf 85' lang='lat' dir='ltr'>quidem</span> 
     </span>
     <span class='ocr_line' id='line_1_6' title="bbox 145 579 1810 660; baseline 0.004 -20"><span class='ocrx_word' id='word_1_40' title='bbox 145 601 306 656; x_wconf 88' lang='lat' dir='ltr'>aquae</span> <span class='ocrx_word' id='word_1_41' title='bbox 331 581 462 636; x_wconf 88' lang='lat' dir='ltr'>inhis</span> <span class='ocrx_word' id='word_1_42' title='bbox 485 579 684 634; x_wconf 76' lang='lat' dir='ltr'>CaslbUS</span> <span class='ocrx_word' id='word_1_43' title='bbox 704 581 1024 654; x_wconf 80' lang='lat' dir='ltr'>inaequalem</span> <span class='ocrx_word' id='word_1_44' title='bbox 1051 584 1157 639; x_wconf 83' lang='lat' dir='ltr'>effe</span> <span class='ocrx_word' id='word_1_45' title='bbox 1181 604 1193 640; x_wconf 80' lang='lat' dir='ltr'>z</span> <span class='ocrx_word' id='word_1_46' title='bbox 1224 583 1330 643; x_wconf 88' lang='lat' dir='ltr'>Sed</span> <span class='ocrx_word' id='word_1_47' title='bbox 1371 602 1583 660; x_wconf 87' lang='lat' dir='ltr'>praeter</span> <span class='ocrx_word' id='word_1_48' title='bbox 1602 591 1810 646; x_wconf 90' lang='lat' dir='ltr'>molem</span> 
     </span>
     <span class='ocr_line' id='line_1_7' title="bbox 148 665 1811 745; baseline 0.004 -20"><span class='ocrx_word' id='word_1_49' title='bbox 148 666 464 725; x_wconf 73' lang='lat' dir='ltr'>considerari</span> <span class='ocrx_word' id='word_1_50' title='bbox 489 678 544 719; x_wconf 89' lang='lat' dir='ltr'>et</span> <span class='ocrx_word' id='word_1_51' title='bbox 570 665 907 724; x_wconf 87' lang='lat' dir='ltr'>velocitatem</span> <span class='ocrx_word' id='word_1_52' title='bbox 931 669 1145 739; x_wconf 83' lang='lat' dir='ltr'>debere,</span> <span class='ocrx_word' id='word_1_53' title='bbox 1172 692 1273 745; x_wconf 86' lang='lat' dir='ltr'>qua</span> <span class='ocrx_word' id='word_1_54' title='bbox 1303 674 1620 732; x_wconf 85' lang='lat' dir='ltr'>descendere</span> <span class='ocrx_word' id='word_1_55' title='bbox 1654 677 1811 731; x_wconf 88' lang='lat' dir='ltr'>debe·</span> 
     </span>
     <span class='ocr_line' id='line_1_8' title="bbox 145 752 1807 836; baseline 0.002 -24"><span class='ocrx_word' id='word_1_56' title='bbox 145 770 229 813; x_wconf 87' lang='lat' dir='ltr'>ret</span> <span class='ocrx_word' id='word_1_57' title='bbox 253 756 488 827; x_wconf 89' lang='lat' dir='ltr'>suprema</span> <span class='ocrx_word' id='word_1_58' title='bbox 513 768 677 823; x_wconf 91' lang='lat' dir='ltr'>aquae</span> <span class='ocrx_word' id='word_1_59' title='bbox 703 752 1024 826; x_wconf 82' lang='lat' dir='ltr'>superficies,</span> <span class='ocrx_word' id='word_1_60' title='bbox 1057 759 1093 813; x_wconf 88' lang='lat' dir='ltr'><strong>fi</strong></span> <span class='ocrx_word' id='word_1_61' title='bbox 1129 759 1354 815; x_wconf 89' lang='lat' dir='ltr'>inferior</span> <span class='ocrx_word' id='word_1_62' title='bbox 1388 781 1518 836; x_wconf 79' lang='lat' dir='ltr'>aqua</span> <span class='ocrx_word' id='word_1_63' title='bbox 1549 762 1807 819; x_wconf 85' lang='lat' dir='ltr'>efflueret.</span> 
     </span>
     <span class='ocr_line' id='line_1_9' title="bbox 148 836 1813 923; baseline 0.004 -27"><span class='ocrx_word' id='word_1_64' title='bbox 148 844 451 904; x_wconf 88' lang='lat' dir='ltr'>Momenta,</span> <span class='ocrx_word' id='word_1_65' title='bbox 476 836 953 912; x_wconf 78' lang='lat' dir='ltr'>inquit‚vtriusque</span> <span class='ocrx_word' id='word_1_66' title='bbox 979 844 1257 901; x_wconf 82' lang='lat' dir='ltr'>columnae</span> <span class='ocrx_word' id='word_1_67' title='bbox 1282 864 1477 918; x_wconf 81' lang='lat' dir='ltr'>aqueae</span> <span class='ocrx_word' id='word_1_68' title='bbox 1504 849 1593 918; x_wconf 85' lang='lat' dir='ltr'>fig.</span> <span class='ocrx_word' id='word_1_69' title='bbox 1613 852 1813 923; x_wconf 49' lang='lat'>1291„</span> 
     </span>
     <span class='ocr_line' id='line_1_10' title="bbox 144 922 1808 1008; baseline 0.004 -30"><span class='ocrx_word' id='word_1_70' title='bbox 144 940 248 1008; x_wconf 73' lang='lat'>47,</span> <span class='ocrx_word' id='word_1_71' title='bbox 270 927 452 982; x_wconf 83' lang='lat' dir='ltr'>eadem</span> <span class='ocrx_word' id='word_1_72' title='bbox 471 922 608 992; x_wconf 87' lang='lat' dir='ltr'>sunt,</span> <span class='ocrx_word' id='word_1_73' title='bbox 633 941 693 980; x_wconf 85' lang='lat' dir='ltr'>ac</span> <span class='ocrx_word' id='word_1_74' title='bbox 719 925 757 978; x_wconf 88' lang='lat' dir='ltr'>fi</span> <span class='ocrx_word' id='word_1_75' title='bbox 784 926 951 981; x_wconf 88' lang='lat' dir='ltr'>tubuli</span> <span class='ocrx_word' id='word_1_76' title='bbox 973 923 1084 982; x_wconf 77' lang='grc' dir='ltr'>ΕΒ</span> <span class='ocrx_word' id='word_1_77' title='bbox 1115 944 1166 983; x_wconf 86' lang='lat' dir='ltr'>et</span> <span class='ocrx_word' id='word_1_78' title='bbox 1193 931 1302 988; x_wconf 92' lang='lat' dir='ltr'>CD</span> <span class='ocrx_word' id='word_1_79' title='bbox 1316 951 1475 1006; x_wconf 80' lang='lat' dir='ltr'>Vsque</span> <span class='ocrx_word' id='word_1_80' title='bbox 1499 936 1561 989; x_wconf 82' lang='lat' dir='ltr'>ad</span> <span class='ocrx_word' id='word_1_81' title='bbox 1586 952 1808 1007; x_wconf 79' lang='lat' dir='ltr'>aquam„</span> 
     </span>
     <span class='ocr_line' id='line_1_11' title="bbox 146 1009 1805 1095; baseline 0.004 -25"><span class='ocrx_word' id='word_1_82' title='bbox 146 1018 195 1071; x_wconf 90' lang='lat' dir='ltr'>in</span> <span class='ocrx_word' id='word_1_83' title='bbox 218 1011 324 1069; x_wconf 91' lang='lat' dir='ltr'>AB</span> <span class='ocrx_word' id='word_1_84' title='bbox 349 1012 674 1082; x_wconf 88' lang='lat' dir='ltr'>stagnantem</span> <span class='ocrx_word' id='word_1_85' title='bbox 687 1009 1061 1066; x_wconf 86' lang='lat' dir='ltr'>conseruarent</span> <span class='ocrx_word' id='word_1_86' title='bbox 1087 1017 1487 1085; x_wconf 86' lang='lat' dir='ltr'>amplitudinem</span> <span class='ocrx_word' id='word_1_87' title='bbox 1503 1022 1724 1076; x_wconf 88' lang='lat' dir='ltr'>eandem</span> <span class='ocrx_word' id='word_1_88' title='bbox 1743 1042 1755 1095; x_wconf 80' lang='lat'>3</span> <span class='ocrx_word' id='word_1_89' title='bbox 1774 1064 1805 1094; x_wconf 86' lang='lat'>‚,</span> 
     </span>
     <span class='ocr_line' id='line_1_12' title="bbox 140 1096 1805 1177; baseline 0.004 -20"><span class='ocrx_word' id='word_1_90' title='bbox 140 1099 384 1171; x_wconf 84' lang='lat' dir='ltr'>fiquidcm</span> <span class='ocrx_word' id='word_1_91' title='bbox 419 1096 723 1154; x_wconf 85' lang='lat' dir='ltr'>velocitates</span> <span class='ocrx_word' id='word_1_92' title='bbox 768 1114 947 1170; x_wconf 83' lang='lat' dir='ltr'>aquae,</span> <span class='ocrx_word' id='word_1_93' title='bbox 978 1098 1067 1153; x_wconf 82' lang='lat' dir='ltr'>vbi</span> <span class='ocrx_word' id='word_1_94' title='bbox 1101 1102 1416 1171; x_wconf 85' lang='lat' dir='ltr'>ampliantur</span> <span class='ocrx_word' id='word_1_95' title='bbox 1445 1108 1535 1160; x_wconf 82' lang='lat' dir='ltr'>vel</span> <span class='ocrx_word' id='word_1_96' title='bbox 1562 1122 1805 1177; x_wconf 57' lang='lat' dir='ltr'>contra„</span> 
     </span>
     <span class='ocr_line' id='line_1_13' title="bbox 140 1183 1803 1263; baseline 0.005 -23"><span class='ocrx_word' id='word_1_97' title='bbox 140 1184 327 1240; x_wconf 87' lang='lat' dir='ltr'>huntur</span> <span class='ocrx_word' id='word_1_98' title='bbox 359 1183 531 1240; x_wconf 87' lang='lat' dir='ltr'>tubuli</span> <span class='ocrx_word' id='word_1_99' title='bbox 571 1220 587 1252; x_wconf 93' lang='lat'>‚</span> <span class='ocrx_word' id='word_1_100' title='bbox 625 1185 738 1241; x_wconf 90' lang='lat' dir='ltr'>sunt</span> <span class='ocrx_word' id='word_1_101' title='bbox 775 1186 840 1239; x_wconf 85' lang='lat' dir='ltr'>ad</span> <span class='ocrx_word' id='word_1_102' title='bbox 866 1186 1176 1241; x_wconf 83' lang='lat' dir='ltr'>velocitates</span> <span class='ocrx_word' id='word_1_103' title='bbox 1200 1204 1374 1260; x_wconf 88' lang='lat' dir='ltr'>prope</span> <span class='ocrx_word' id='word_1_104' title='bbox 1418 1192 1803 1263; x_wconf 84' lang='lat' dir='ltr'>peripheriam„</span> 
     </span>
     <span class='ocr_line' id='line_1_14' title="bbox 133 1271 1805 1351; baseline 0.005 -25"><span class='ocrx_word' id='word_1_105' title='bbox 133 1271 489 1327; x_wconf 88' lang='lat' dir='ltr'>attrahentem</span> <span class='ocrx_word' id='word_1_106' title='bbox 530 1273 816 1346; x_wconf 82' lang='lat' dir='ltr'>reciproce</span> <span class='ocrx_word' id='word_1_107' title='bbox 869 1272 942 1325; x_wconf 83' lang='lat' dir='ltr'>vti</span> <span class='ocrx_word' id='word_1_108' title='bbox 980 1272 1228 1330; x_wconf 61' lang='lat' dir='ltr'>semones</span> <span class='ocrx_word' id='word_1_109' title='bbox 1267 1274 1458 1331; x_wconf 88' lang='lat' dir='ltr'>harum</span> <span class='ocrx_word' id='word_1_110' title='bbox 1499 1279 1805 1351; x_wconf 89' lang='lat' dir='ltr'>columna-‚,</span> 
     </span>
     <span class='ocr_line' id='line_1_15' title="bbox 126 1359 721 1436; baseline 0 -23"><span class='ocrx_word' id='word_1_111' title='bbox 126 1374 311 1428; x_wconf 77' lang='lat' dir='ltr'>rum„</span> <span class='ocrx_word' id='word_1_112' title='bbox 336 1359 482 1414; x_wconf 54' lang='lat' dir='ltr'>vie.</span> <span class='ocrx_word' id='word_1_113' title='bbox 499 1376 551 1429; x_wconf 92' lang='lat' dir='ltr'>p.</span> <span class='ocrx_word' id='word_1_114' title='bbox 577 1369 721 1436; x_wconf 79' lang='lat'>427.</span> 
     </span>
    </p>

    <p class='ocr_par' dir='ltr' id='par_1_3' title="bbox 115 1442 1802 2806">
     <span class='ocr_line' id='line_1_16' title="bbox 282 1442 1800 1525; baseline 0.007 -26"><span class='ocrx_word' id='word_1_115' title='bbox 282 1445 350 1504; x_wconf 83' lang='lat' dir='ltr'>L,</span> <span class='ocrx_word' id='word_1_116' title='bbox 440 1442 577 1501; x_wconf 91' lang='lat' dir='ltr'>Non</span> <span class='ocrx_word' id='word_1_117' title='bbox 597 1444 805 1517; x_wconf 80' lang='lat' dir='ltr'>possum</span> <span class='ocrx_word' id='word_1_118' title='bbox 832 1445 1154 1505; x_wconf 86' lang='lat' dir='ltr'>diffimulare</span> <span class='ocrx_word' id='word_1_119' title='bbox 1173 1487 1186 1519; x_wconf 86' lang='lat'>‚</span> <span class='ocrx_word' id='word_1_120' title='bbox 1202 1447 1486 1525; x_wconf 67' lang='lat' dir='ltr'>hypothesin</span> <span class='ocrx_word' id='word_1_121' title='bbox 1504 1450 1644 1508; x_wconf 85' lang='lat' dir='ltr'>hanc</span> <span class='ocrx_word' id='word_1_122' title='bbox 1667 1453 1800 1509; x_wconf 90' lang='lat' dir='ltr'>adeo</span> 
     </span>
     <span class='ocr_line' id='line_1_17' title="bbox 128 1531 1802 1613; baseline 0.005 -26"><span class='ocrx_word' id='word_1_123' title='bbox 128 1534 427 1589; x_wconf 90' lang='lat' dir='ltr'>commode</span> <span class='ocrx_word' id='word_1_124' title='bbox 457 1531 841 1603; x_wconf 78' lang='lat' dir='ltr'>Phaenomenis</span> <span class='ocrx_word' id='word_1_125' title='bbox 871 1533 1191 1611; x_wconf 66' lang='lat' dir='ltr'>respondere,</span> <span class='ocrx_word' id='word_1_126' title='bbox 1238 1554 1291 1593; x_wconf 90' lang='lat' dir='ltr'>et</span> <span class='ocrx_word' id='word_1_127' title='bbox 1325 1555 1513 1593; x_wconf 87' lang='lat' dir='ltr'>eorum</span> <span class='ocrx_word' id='word_1_128' title='bbox 1538 1538 1802 1613; x_wconf 73' lang='lat' dir='ltr'>mensuris,</span> 
     </span>
     <span class='ocr_line' id='line_1_18' title="bbox 123 1619 1799 1695; baseline 0.001 -15"><span class='ocrx_word' id='word_1_129' title='bbox 123 1620 436 1681; x_wconf 78' lang='lat' dir='ltr'>vtomnino</span> <span class='ocrx_word' id='word_1_130' title='bbox 471 1619 687 1675; x_wconf 90' lang='lat' dir='ltr'>doleam</span> <span class='ocrx_word' id='word_1_131' title='bbox 712 1663 727 1691; x_wconf 85' lang='lat'>,</span> <span class='ocrx_word' id='word_1_132' title='bbox 771 1621 980 1676; x_wconf 84' lang='lat' dir='ltr'>misceri</span> <span class='ocrx_word' id='word_1_133' title='bbox 1020 1638 1074 1678; x_wconf 89' lang='lat' dir='ltr'>et</span> <span class='ocrx_word' id='word_1_134' title='bbox 1102 1624 1321 1679; x_wconf 89' lang='lat' dir='ltr'>officere</span> <span class='ocrx_word' id='word_1_135' title='bbox 1341 1624 1411 1679; x_wconf 86' lang='lat' dir='ltr'>illi</span> <span class='ocrx_word' id='word_1_136' title='bbox 1437 1627 1710 1695; x_wconf 85' lang='lat' dir='ltr'>vulgarem</span> <span class='ocrx_word' id='word_1_137' title='bbox 1734 1629 1799 1683; x_wconf 90' lang='lat' dir='ltr'>de</span> 
     </span>
     <span class='ocr_line' id='line_1_19' title="bbox 127 1703 1798 1782; baseline 0.001 -16"><span class='ocrx_word' id='word_1_138' title='bbox 127 1706 521 1766; x_wconf 68' lang='lat' dir='ltr'>attrastionibus</span> <span class='ocrx_word' id='word_1_139' title='bbox 543 1707 719 1766; x_wconf 81' lang='lat' dir='ltr'>litem,</span> <span class='ocrx_word' id='word_1_140' title='bbox 806 1703 998 1762; x_wconf 85' lang='lat' dir='ltr'>Placet</span> <span class='ocrx_word' id='word_1_141' title='bbox 1033 1709 1277 1765; x_wconf 87' lang='lat' dir='ltr'>industria</span> <span class='ocrx_word' id='word_1_142' title='bbox 1305 1710 1437 1767; x_wconf 86' lang='lat' dir='ltr'>Viri</span> <span class='ocrx_word' id='word_1_143' title='bbox 1460 1713 1798 1782; x_wconf 82' lang='lat' dir='ltr'>praestantis-</span> 
     </span>
     <span class='ocr_line' id='line_1_20' title="bbox 122 1790 1797 1871; baseline 0.001 -19"><span class='ocrx_word' id='word_1_144' title='bbox 122 1796 252 1866; x_wconf 86' lang='lat' dir='ltr'>fimi,</span> <span class='ocrx_word' id='word_1_145' title='bbox 268 1811 366 1867; x_wconf 90' lang='lat' dir='ltr'>qua</span> <span class='ocrx_word' id='word_1_146' title='bbox 387 1791 703 1865; x_wconf 86' lang='lat' dir='ltr'>hypothefin</span> <span class='ocrx_word' id='word_1_147' title='bbox 727 1790 867 1846; x_wconf 90' lang='lat' dir='ltr'>suam</span> <span class='ocrx_word' id='word_1_148' title='bbox 891 1793 960 1848; x_wconf 88' lang='lat' dir='ltr'>fic</span> <span class='ocrx_word' id='word_1_149' title='bbox 989 1795 1251 1865; x_wconf 84' lang='lat' dir='ltr'>instruxit,</span> <span class='ocrx_word' id='word_1_150' title='bbox 1265 1810 1321 1851; x_wconf 85' lang='lat' dir='ltr'>vt</span> <span class='ocrx_word' id='word_1_151' title='bbox 1359 1813 1418 1851; x_wconf 90' lang='lat' dir='ltr'>ea</span> <span class='ocrx_word' id='word_1_152' title='bbox 1441 1797 1562 1852; x_wconf 82' lang='lat' dir='ltr'>data</span> <span class='ocrx_word' id='word_1_153' title='bbox 1586 1797 1797 1871; x_wconf 88' lang='lat' dir='ltr'>sequan-</span> 
     </span>
     <span class='ocr_line' id='line_1_21' title="bbox 122 1877 1789 1955; baseline 0.001 -17"><span class='ocrx_word' id='word_1_154' title='bbox 122 1896 229 1952; x_wconf 86' lang='lat' dir='ltr'>tur,</span> <span class='ocrx_word' id='word_1_155' title='bbox 253 1897 386 1953; x_wconf 83' lang='lat' dir='ltr'>quae</span> <span class='ocrx_word' id='word_1_156' title='bbox 411 1880 617 1935; x_wconf 88' lang='lat' dir='ltr'>debent.</span> <span class='ocrx_word' id='word_1_157' title='bbox 705 1877 964 1951; x_wconf 89' lang='lat' dir='ltr'>Displicet</span> <span class='ocrx_word' id='word_1_158' title='bbox 979 1880 1310 1937; x_wconf 86' lang='lat' dir='ltr'>imbecillitas</span> <span class='ocrx_word' id='word_1_159' title='bbox 1331 1898 1478 1953; x_wconf 88' lang='lat' dir='ltr'>mea,</span> <span class='ocrx_word' id='word_1_160' title='bbox 1522 1902 1619 1955; x_wconf 90' lang='lat' dir='ltr'>qua</span> <span class='ocrx_word' id='word_1_161' title='bbox 1635 1898 1789 1940; x_wconf 83' lang='lat' dir='ltr'>attra-</span> 
     </span>
     <span class='ocr_line' id='line_1_22' title="bbox 116 1965 1794 2040; baseline -0.002 -12"><span class='ocrx_word' id='word_1_162' title='bbox 116 1970 348 2028; x_wconf 66' lang='lat' dir='ltr'>stionem</span> <span class='ocrx_word' id='word_1_163' title='bbox 371 1966 594 2038; x_wconf 90' lang='lat' dir='ltr'>proprie</span> <span class='ocrx_word' id='word_1_164' title='bbox 618 1965 805 2022; x_wconf 65' lang='lat' dir='ltr'>dietam</span> <span class='ocrx_word' id='word_1_165' title='bbox 836 1967 889 2020; x_wconf 91' lang='lat' dir='ltr'>in</span> <span class='ocrx_word' id='word_1_166' title='bbox 917 1968 1240 2038; x_wconf 85' lang='lat' dir='ltr'>corporibus</span> <span class='ocrx_word' id='word_1_167' title='bbox 1269 1971 1558 2040; x_wconf 85' lang='lat' dir='ltr'>concipere</span> <span class='ocrx_word' id='word_1_168' title='bbox 1581 1986 1691 2024; x_wconf 92' lang='lat' dir='ltr'>non</span> <span class='ocrx_word' id='word_1_169' title='bbox 1708 1971 1794 2026; x_wconf 85' lang='lat' dir='ltr'>da-</span> 
     </span>
     <span class='ocr_line' id='line_1_23' title="bbox 119 2050 1792 2130; baseline 0.001 -19"><span class='ocrx_word' id='word_1_170' title='bbox 119 2071 217 2113; x_wconf 88' lang='lat' dir='ltr'>tur.</span> <span class='ocrx_word' id='word_1_171' title='bbox 307 2051 412 2107; x_wconf 89' lang='lat' dir='ltr'>Sed</span> <span class='ocrx_word' id='word_1_172' title='bbox 441 2052 665 2108; x_wconf 86' lang='lat' dir='ltr'>fortaffis</span> <span class='ocrx_word' id='word_1_173' title='bbox 692 2050 822 2107; x_wconf 89' lang='lat' dir='ltr'>solui</span> <span class='ocrx_word' id='word_1_174' title='bbox 847 2051 955 2107; x_wconf 92' lang='lat' dir='ltr'>hoc</span> <span class='ocrx_word' id='word_1_175' title='bbox 984 2055 1198 2109; x_wconf 89' lang='lat' dir='ltr'>vinculo</span> <span class='ocrx_word' id='word_1_176' title='bbox 1220 2052 1487 2126; x_wconf 80' lang='lat' dir='ltr'>pofi‘umus</span> <span class='ocrx_word' id='word_1_177' title='bbox 1514 2057 1792 2130; x_wconf 86' lang='lat' dir='ltr'>indulgen-</span> 
     </span>
     <span class='ocr_line' id='line_1_24' title="bbox 119 2134 1785 2214; baseline 0 -15"><span class='ocrx_word' id='word_1_178' title='bbox 119 2158 171 2199; x_wconf 86' lang='lat' dir='ltr'>te</span> <span class='ocrx_word' id='word_1_179' title='bbox 211 2137 463 2197; x_wconf 67' lang='lat' dir='ltr'>Austore</span> <span class='ocrx_word' id='word_1_180' title='bbox 501 2141 738 2214; x_wconf 81' lang='lat' dir='ltr'>egregio,</span> <span class='ocrx_word' id='word_1_181' title='bbox 844 2134 1027 2212; x_wconf 80' lang='lat' dir='ltr'>Quidfi</span> <span class='ocrx_word' id='word_1_182' title='bbox 1061 2139 1169 2196; x_wconf 88' lang='lat' dir='ltr'>hoc</span> <span class='ocrx_word' id='word_1_183' title='bbox 1193 2141 1364 2197; x_wconf 91' lang='lat' dir='ltr'>solum</span> <span class='ocrx_word' id='word_1_184' title='bbox 1386 2142 1553 2197; x_wconf 83' lang='lat' dir='ltr'>velit:</span> <span class='ocrx_word' id='word_1_185' title='bbox 1584 2141 1785 2199; x_wconf 86' lang='lat' dir='ltr'>Attra-</span> 
     </span>
     <span class='ocr_line' id='line_1_25' title="bbox 115 2227 1787 2300; baseline 0 -14"><span class='ocrx_word' id='word_1_186' title='bbox 115 2231 349 2288; x_wconf 67' lang='lat' dir='ltr'>&amp;ionem</span> <span class='ocrx_word' id='word_1_187' title='bbox 400 2245 565 2299; x_wconf 87' lang='lat' dir='ltr'>aquae</span> <span class='ocrx_word' id='word_1_188' title='bbox 604 2227 671 2283; x_wconf 87' lang='lat' dir='ltr'>ad</span> <span class='ocrx_word' id='word_1_189' title='bbox 702 2227 896 2282; x_wconf 88' lang='lat' dir='ltr'>vitrum</span> <span class='ocrx_word' id='word_1_190' title='bbox 941 2227 1041 2282; x_wconf 83' lang='lat' dir='ltr'>effe</span> <span class='ocrx_word' id='word_1_191' title='bbox 1080 2228 1489 2300; x_wconf 82' lang='lat' dir='ltr'>phaenomenon</span> <span class='ocrx_word' id='word_1_192' title='bbox 1514 2229 1787 2300; x_wconf 85' lang='lat' dir='ltr'>generale,</span> 
     </span>
     <span class='ocr_line' id='line_1_26' title="bbox 120 2313 1793 2391; baseline 0.002 -20"><span class='ocrx_word' id='word_1_193' title='bbox 120 2333 224 2390; x_wconf 89' lang='lat' dir='ltr'>quo</span> <span class='ocrx_word' id='word_1_194' title='bbox 252 2315 432 2391; x_wconf 78' lang='lat' dir='ltr'>posito</span> <span class='ocrx_word' id='word_1_195' title='bbox 464 2313 707 2385; x_wconf 88' lang='lat' dir='ltr'>specialia</span> <span class='ocrx_word' id='word_1_196' title='bbox 732 2315 915 2369; x_wconf 92' lang='lat' dir='ltr'>ordine</span> <span class='ocrx_word' id='word_1_197' title='bbox 950 2313 1039 2368; x_wconf 90' lang='lat' dir='ltr'>suo</span> <span class='ocrx_word' id='word_1_198' title='bbox 1067 2316 1254 2369; x_wconf 88' lang='lat' dir='ltr'>omnia</span> <span class='ocrx_word' id='word_1_199' title='bbox 1289 2313 1566 2386; x_wconf 87' lang='lat' dir='ltr'>sequantur</span> <span class='ocrx_word' id='word_1_200' title='bbox 1596 2337 1612 2386; x_wconf 87' lang='lat'>·‚</span> <span class='ocrx_word' id='word_1_201' title='bbox 1638 2318 1793 2390; x_wconf 87' lang='lat' dir='ltr'>ipfius</span> 
     </span>
     <span class='ocr_line' id='line_1_27' title="bbox 119 2400 1792 2473; baseline 0 -14"><span class='ocrx_word' id='word_1_202' title='bbox 119 2420 245 2459; x_wconf 86' lang='lat' dir='ltr'>vero</span> <span class='ocrx_word' id='word_1_203' title='bbox 274 2401 585 2459; x_wconf 60' lang='lat' dir='ltr'>attractionis</span> <span class='ocrx_word' id='word_1_204' title='bbox 608 2403 825 2458; x_wconf 76' lang='lat' dir='ltr'>caussam</span> <span class='ocrx_word' id='word_1_205' title='bbox 852 2400 967 2455; x_wconf 89' lang='lat' dir='ltr'>dari</span> <span class='ocrx_word' id='word_1_206' title='bbox 992 2401 1437 2473; x_wconf 82' lang='lat' dir='ltr'>corpoream‚sed</span> <span class='ocrx_word' id='word_1_207' title='bbox 1463 2402 1624 2460; x_wconf 82' lang='lat' dir='ltr'>nobis</span> <span class='ocrx_word' id='word_1_208' title='bbox 1646 2406 1792 2460; x_wconf 90' lang='lat' dir='ltr'>inco-</span> 
     </span>
     <span class='ocr_line' id='line_1_28' title="bbox 119 2482 1794 2564; baseline 0.002 -20"><span class='ocrx_word' id='word_1_209' title='bbox 119 2491 330 2559; x_wconf 83' lang='lat' dir='ltr'>gnitam.</span> <span class='ocrx_word' id='word_1_210' title='bbox 416 2482 575 2543; x_wconf 84' lang='lat' dir='ltr'>Nihil</span> <span class='ocrx_word' id='word_1_211' title='bbox 589 2488 641 2543; x_wconf 90' lang='lat' dir='ltr'>in</span> <span class='ocrx_word' id='word_1_212' title='bbox 671 2506 734 2543; x_wconf 83' lang='lat' dir='ltr'>ea</span> <span class='ocrx_word' id='word_1_213' title='bbox 770 2488 1112 2544; x_wconf 82' lang='lat' dir='ltr'>excusatione</span> <span class='ocrx_word' id='word_1_214' title='bbox 1136 2489 1409 2562; x_wconf 85' lang='lat' dir='ltr'>indignum</span> <span class='ocrx_word' id='word_1_215' title='bbox 1434 2490 1503 2545; x_wconf 86' lang='lat' dir='ltr'>est</span> <span class='ocrx_word' id='word_1_216' title='bbox 1528 2490 1794 2564; x_wconf 79' lang='lat' dir='ltr'>hypothe-</span> 
     </span>
     <span class='ocr_line' id='line_1_29' title="bbox 123 2570 1788 2649; baseline 0.003 -21"><span class='ocrx_word' id='word_1_217' title='bbox 123 2574 189 2640; x_wconf 88' lang='lat' dir='ltr'>fi,</span> <span class='ocrx_word' id='word_1_218' title='bbox 222 2577 350 2634; x_wconf 90' lang='lat' dir='ltr'>nihil</span> <span class='ocrx_word' id='word_1_219' title='bbox 374 2593 404 2631; x_wconf 86' lang='lat' dir='ltr'>a</span> <span class='ocrx_word' id='word_1_220' title='bbox 431 2576 617 2649; x_wconf 86' lang='lat' dir='ltr'>regulis</span> <span class='ocrx_word' id='word_1_221' title='bbox 635 2575 1028 2648; x_wconf 88' lang='lat' dir='ltr'>philosophandi</span> <span class='ocrx_word' id='word_1_222' title='bbox 1057 2576 1306 2635; x_wconf 86' lang='lat' dir='ltr'>alienum.</span> <span class='ocrx_word' id='word_1_223' title='bbox 1395 2570 1788 2646; x_wconf 81' lang='lat' dir='ltr'>Nimirum‚vbi</span> 
     </span>
     <span class='ocr_line' id='line_1_30' title="bbox 121 2660 1787 2733; baseline 0.005 -21"><span class='ocrx_word' id='word_1_224' title='bbox 121 2660 323 2731; x_wconf 86' lang='lat' dir='ltr'>plenam</span> <span class='ocrx_word' id='word_1_225' title='bbox 358 2663 482 2719; x_wconf 86' lang='lat' dir='ltr'>dare</span> <span class='ocrx_word' id='word_1_226' title='bbox 507 2661 798 2720; x_wconf 78' lang='lat' dir='ltr'>caussarum</span> <span class='ocrx_word' id='word_1_227' title='bbox 821 2661 1054 2733; x_wconf 88' lang='lat' dir='ltr'>analyfin</span> <span class='ocrx_word' id='word_1_228' title='bbox 1082 2678 1193 2718; x_wconf 89' lang='lat' dir='ltr'>non</span> <span class='ocrx_word' id='word_1_229' title='bbox 1226 2663 1344 2719; x_wconf 87' lang='lat' dir='ltr'>licet</span> <span class='ocrx_word' id='word_1_230' title='bbox 1369 2703 1384 2731; x_wconf 85' lang='lat'>,</span> <span class='ocrx_word' id='word_1_231' title='bbox 1417 2662 1787 2720; x_wconf 75' lang='lat' dir='ltr'>subsistendum</span> 
     </span>
     <span class='ocr_line' id='line_1_31' title="bbox 126 2741 1783 2806; baseline 0.002 -5"><span class='ocrx_word' id='word_1_232' title='bbox 126 2741 275 2806; x_wconf 87' lang='lat' dir='ltr'>Tom.</span> <span class='ocrx_word' id='word_1_233' title='bbox 304 2747 372 2804; x_wconf 92' lang='lat'>11.</span> <span class='ocrx_word' id='word_1_234' title='bbox 976 2741 1041 2802; x_wconf 88' lang='lat' dir='ltr'>N</span> <span class='ocrx_word' id='word_1_235' title='bbox 1060 2767 1096 2803; x_wconf 91' lang='lat' dir='ltr'>n</span> <span class='ocrx_word' id='word_1_236' title='bbox 1713 2750 1783 2806; x_wconf 88' lang='lat' dir='ltr'>est</span> 
     </span>
    </p>
   </div>
  </div>
 </body>
</html>
