2393 3590
437 230 515 298 52
880 207 996 272 DE
1080 207 1626 278 BJLANCJBVsq

437 373 561 429 duas
585 370 752 427 latum
779 412 792 439 ,
826 366 1027 424 inferne
1051 365 1183 424 duos
1209 369 1424 440 angulos
1446 371 1620 428 restos
1644 368 1853 442 habenS,
1879 371 2100 446 superne

430 458 829 516 semicirculare.
928 456 988 512 In
1027 457 1210 511 medio
1248 457 1619 514 semicirculari
1659 458 1922 515 incidatur
1946 462 2099 516 leuis-

428 548 556 605 fima
581 546 789 601 crenula
817 585 830 611 ‚
877 559 1006 615 quae
1034 544 1163 599 aciei
1195 546 1392 600 cultelli
1418 544 1670 616 imposita
1694 546 1746 601 in
1773 564 1834 601 ea
1861 548 2094 616 haereat,

427 651 495 692 ex
519 651 617 709 qua
648 632 836 688 deinde
863 629 1046 685 lineale
1070 629 1307 703 suspendi
1325 646 1474 707 atque
1498 632 1674 688 librari
1698 634 1886 703 potest.

585 718 644 781 8,
735 716 1062 789 Dependeat
1081 720 1238 775 etiam
1266 736 1333 774 ex
1359 719 1544 776 medio
1581 719 1774 775 linealis
1798 720 1991 776 lamina
2019 719 2101 779 W

431 806 506 864 sat
532 808 724 879 grauis,
757 806 902 860 vices
926 804 1284 876 perpendiculi
1313 822 1517 878 geren5‚
1552 804 1693 875 quod
1724 806 1912 860 lineale
1936 823 2091 863 ecre-

431 895 553 951 nula
587 904 610 948 t
651 890 940 963 suspensum
976 888 1043 942 ad
1080 890 1230 944 fitum
1249 889 1640 945 horizontalem
1660 887 1867 962 semper
1890 892 2097 963 dirigat,

436 995 589 1052 atque
612 981 668 1032 in
691 994 756 1031 eo
793 973 1085 1032 conseruet.
1171 975 1237 1032 In
1280 975 1701 1049 perpendiculari
1757 977 1848 1033 ista
1897 979 2099 1036 lamina

431 1067 512 1121 W
550 1062 826 1119 dimidium
865 1060 1085 1131 digitum
1124 1059 1254 1115 infra
1286 1060 1535 1117 foramen
1562 1070 1589 1115 t
1611 1060 1947 1132 suspensionis
1975 1064 2092 1132 fiat,

426 1149 808 1207 foraminulum
835 1163 893 1216 u,
930 1163 998 1201 ex
1024 1162 1129 1216 quo
1161 1148 1460 1219 dependeat
1495 1148 1649 1204 filum
1690 1165 1808 1205 cum
1850 1149 2090 1224 pondus-

431 1238 558 1295 culo
568 1253 626 1309 y.
711 1236 782 1292 Et
805 1234 875 1289 fic
901 1232 1088 1288 lineale
1115 1231 1222 1287 hoc
1243 1235 1401 1290 etiam
1427 1236 1528 1290 erit
1558 1235 1878 1296 confectum.

551 1339 629 1397 ·9,
717 1321 835 1378 Iam
869 1321 939 1376 de
974 1318 1318 1375 sustentaculo
1357 1320 1632 1390 Vtriusque
1658 1333 1709 1374 et
1734 1323 1873 1394 scapi
1897 1318 1992 1389 A,
2039 1334 2097 1380 et

428 1411 617 1467 linealis
640 1412 687 1468 B
714 1403 1089 1479 perpendiculo
1114 1405 1342 1477 praediti
1363 1402 1584 1460 solliciti
1606 1403 1786 1464 fimuS.
1877 1403 1999 1466 Fiat
2021 1409 2095 1464 la.

426 1499 585 1553 mella
619 1509 641 1570 5
678 1495 886 1550 circiter
913 1490 1112 1565 digitos
1134 1493 1297 1564 longa
1322 1489 1667 1560 C‚dimidium
1695 1493 1813 1561 lata,
1833 1506 1886 1548 et
1913 1492 2097 1566 sesqui-

425 1585 624 1640 lineam
653 1580 895 1639 craffaJn
916 1578 1186 1650 superiore
1212 1591 1464 1634 extremo
1487 1578 1829 1651 pertundatur
1849 1579 2093 1638 foramen

428 1689 490 1739 x,
527 1688 595 1727 ex
621 1686 725 1741 quo
751 1667 988 1737 suspendi
1010 1665 1202 1721 lamina
1221 1666 1412 1738 potest,
1491 1664 1685 1722 Vnum
1713 1664 1932 1733 digitum
1955 1678 2008 1721 et
2024 1665 2095 1724 se-

425 1756 631 1814 miffem
672 1755 808 1810 infra
841 1753 946 1810 hoc
984 1754 1230 1807 foramen
1260 1769 1301 1806 x
1339 1751 1565 1824 prodeat
1593 1750 1824 1806 cultellus
1858 1770 1890 1808 z
1917 1753 2091 1808 aciem

422 1842 613 1898 sursum
641 1856 870 1898 vertens,
956 1839 1098 1899 Huic
1122 1841 1253 1896 aciei
1283 1837 1669 1914 imponendum
1704 1838 1884 1914 primo
1909 1838 2089 1897 lineale

420 1928 484 2002 Β,
515 1931 708 1986 deinde
736 1931 909 1999 iugum
938 1927 1160 1983 bilancis
1188 1923 1274 1987 A,

580 2031 670 2073 10.
759 2013 1216 2093 Quandoquidem
1242 2030 1378 2069 vero
1405 2027 1637 2072 onerato
1663 2011 1768 2069 hoc
1792 2012 1964 2068 modo
1990 2015 2095 2070 cuL

425 2102 555 2156 tello
581 2119 631 2170 z,
657 2102 851 2155 lamina
875 2099 941 2168 C,
969 2117 1041 2154 ex
1066 2098 1157 2153 situ
1182 2100 1613 2170 perpendiculari
1636 2099 1864 2168 recedit,
1897 2112 1948 2156 et
1967 2100 2082 2156 effi„

429 2190 535 2254 cit,
576 2202 632 2242 vt
657 2189 810 2241 etiam
837 2186 1077 2240 cultellus
1104 2185 1259 2239 situm
1286 2185 1608 2243 nanciscatur
1632 2185 1928 2256 decliuem,
1963 2188 2090 2244 ideo

421 2277 472 2330 in
504 2275 691 2329 infima
718 2286 865 2344 parte
892 2273 1110 2328 laminae
1146 2289 1175 2325 e
1202 2285 1362 2344 tergo
1387 2275 1608 2345 prodeat
1641 2271 1865 2327 cochlea
1904 2289 2018 2328 mas
2043 2291 2088 2340 e,

428 2364 560 2418 duos
590 2361 787 2433 digitos
819 2359 1010 2430 longa,
1050 2359 1124 2414 cui
1149 2358 1436 2430 applicetur
1459 2375 1578 2416 rota
1602 2356 1661 2415 O
1692 2360 2090 2432 grauior,coch..

428 2450 507 2504 lea
533 2448 795 2503 foeminea
836 2446 887 2499 in
914 2446 1102 2500 medio
1148 2445 1325 2504 incisa.
1408 2444 1638 2505 Reducta
1680 2447 1742 2501 ad
1792 2459 2091 2503 extremum

428 2535 678 2593 cochleae
700 2531 798 2585 hac
822 2544 939 2585 rota
965 2574 979 2599 ‚
1039 2533 1410 2602 contrapondii
1432 2535 1575 2589 vices
1596 2533 1804 2602 recipit,
1832 2532 2092 2587 laminam

414 2615 477 2699 ‘C
511 2622 572 2675 ad
597 2621 750 2675 situm
775 2615 1270 2689 perpendicularem
1292 2619 1497 2686 adigens
1519 2663 1532 2687 ,
1566 2632 1619 2672 et
1645 2615 1857 2670 cultello
1891 2633 1925 2670 z
1950 2617 2090 2672 hori-

425 2707 693 2765 zontalem
712 2704 1014 2776 restituen53
1045 2703 1292 2772 addusta,
1331 2703 1550 2761 nimiam
1586 2702 1812 2758 laminae
1838 2717 2081 2778 propen-

426 2797 630 2855 sionem
656 2791 941 2852 retrahens⁰

1821 2887 1909 2930 11.
1937 2872 2090 2933 Con-
