2393 3590
569 117 705 187 450
1014 99 1271 164 NVMI
1312 98 1815 164 ERYTHRA-Er

570 279 681 335 ρας
710 258 1014 333 ξασιλικῆς
1042 260 1122 332 τῷ
1154 257 1394 334 δέρματι
1427 256 1543 324 τῆς
1585 255 1862 327 κεφαλῆς
1898 256 1968 315 τὲξ
2000 260 2230 330 λέοντος

563 351 616 403 ie
654 350 942 404 deuinxille
990 391 1004 416 ‚
1065 363 1286 417 eumque
1336 345 1533 397 cultum
1583 343 1734 414 super
1784 352 2009 411 gemmis
2071 364 2125 403 et
2173 365 2232 404 v.

563 434 811 490 nionibus
853 430 1543 498 aestimasse‚C0nstantinus
1593 424 2105 502 Porphyrogenneta
2142 434 2231 507 (ἢ)

566 522 942 580 animaduertit,
971 522 1006 592 ἓξ
1034 517 1260 592 μάρτυς
1284 559 1297 585 ,
1328 516 1524 584 inquit,
1559 508 1856 582 ἄέιέωιςος
1887 511 2022 573 οἷυτὸ
2047 514 2110 575 τὸ
2146 521 2229 577 νό-

563 626 759 682 μισμα
781 604 850 663 τὲξ
886 600 1212 669 Μακεδόνος
1253 595 1578 680 Αλεξάνὸξε
1601 599 1849 671 ταιοίυτη
1888 599 2045 660 εἰκόνι
2083 613 2222 661 καλ-

563 689 975 767 λωωιζόμενον.
1066 689 1124 746 Si
1192 692 1234 744 is
1287 689 1392 743 hoc
1446 706 1552 744 non
1610 678 1873 759 diceret',
1922 705 2101 746 tamen
2146 705 2230 750 tot

561 783 712 833 numi
743 779 826 850 qui
853 780 1081 846 exstant,
1127 795 1220 849 per
1259 774 1308 830 se
1344 777 1672 833 testarentur.
1759 775 1842 832 At
1865 793 1977 832 non
2016 779 2229 835 idcirco

558 881 752 920 omnes
775 867 920 919 numi
950 900 964 929 ‚
1001 867 1086 937 qui
1116 865 1291 936 capita
1318 863 1455 920 hunc
1474 866 1525 918 in
1556 864 1778 919 modum
1801 864 1994 938 signata
2028 865 2228 938 praefe-

558 965 692 1017 runt,
723 950 871 1005 illico
899 948 1282 1007 Alexandrum
1307 953 1484 1024 potius
1509 951 1809 1006 monstrant
1832 952 1988 1006 nobis
2017 988 2033 1020 ‚
2074 969 2233 1023 quam

558 1035 875 1096 Herculem,
962 1039 1048 1097 Vt
1069 1040 1153 1093 ille
1173 1055 1356 1092 numus
1382 1037 1640 1094 Luceriae
1668 1038 1810 1092 vrbis
1831 1039 1969 1110 apud
1996 1037 2230 1095 Lauren-

556 1124 688 1180 tium
712 1122 979 1198 Begerum
1008 1122 1097 1201 (4)
1117 1136 1167 1178 et
1200 1140 1270 1178 ex
1298 1141 1366 1178 eo
1396 1125 1537 1194 apud
1569 1123 1903 1180 Bernardum
1934 1125 2230 1180 Montefal-

558 1226 786 1280 eonem,
821 1214 908 1282 qui
935 1212 1136 1265 clauam
1164 1208 1325 1263 habet
1347 1222 1403 1261 et
1431 1225 1611 1263 arcum
1649 1225 1701 1263 et
1734 1209 2039 1280 pharetram
2072 1226 2123 1266 et
2147 1229 2233 1268 ca-

557 1311 655 1371 put
680 1298 864 1353 iisdem
889 1296 995 1352 fere
1017 1295 1336 1350 lineamentis
1360 1335 1375 1363 ,
1407 1307 1464 1348 vt
1497 1291 1800 1350 Alexandri
1834 1298 2000 1369 regis,
2027 1282 2035 1296 ⁴
2087 1294 2232 1369 Quid

557 1381 822 1440 Luceriae
854 1400 972 1438 cum
1001 1378 1329 1436 Alexandro
1369 1382 1540 1451 magis
1561 1424 1575 1449 ‚
1605 1399 1764 1454 quam
1791 1400 1910 1437 cum
1942 1377 2177 1440 Hercule
2204 1381 2228 1441 ζ

555 1471 659 1527 fiue
684 1472 774 1525 illa
798 1469 924 1524 vrbs
945 1468 997 1520 in
1021 1463 1234 1538 Apulia
1256 1503 1271 1534 ‚
1317 1468 1427 1522 fiue
1453 1470 1505 1523 in
1534 1463 1704 1523 Gallia
1723 1467 1984 1540 Cisalpina
2013 1470 2103 1524 sita
2128 1469 2232 1543 fuit,

555 1574 687 1629 quae
711 1558 842 1612 hunc
867 1571 1085 1609 numum
1120 1552 1418 1610 feriendum
1456 1557 1665 1610 curauit.
1764 1551 1993 1625 Nempe
2027 1555 2232 1629 signan-

555 1655 641 1698 tur
666 1639 913 1697 Herculis
951 1654 1004 1696 et
1042 1638 1351 1697 Alexandri
1388 1644 1563 1713 capita
1600 1640 1776 1697 multis
1822 1642 1878 1694 in
1911 1648 2090 1697 numis
2118 1678 2136 1711 7
2165 1655 2254 1715 vtl

553 1729 789 1785 hominem
844 1728 1037 1784 homini
1052 1729 1347 1805 fimiliorem
1390 1745 1660 1802 numquam
1706 1725 1910 1784 videris
1952 1726 2174 1784 alterum
2214 1751 2227 1787 :

553 1815 772 1891 prorsus
793 1829 852 1871 vt
883 1814 1184 1887 Syracusani
1208 1816 1274 1871 illi
1298 1815 1661 1875 Menaechmi,
1760 1814 1825 1870 Id
1855 1817 2140 1886 quomodo
2163 1833 2218 1871 e-

552 1905 780 1973 uenerit‚
827 1921 935 1958 non
966 1905 1172 1975 poffum
1201 1919 1352 1958 certo
1376 1904 1673 1961 affeuerare.
1761 1895 1982 1955 Poffum
2006 1902 2225 1975 suspica·
2253 1967 2256 1969 ‚

552 1992 600 2046 ri
622 2033 637 2059 ‚
663 2008 855 2046 numos
901 2008 995 2047 eos
1019 1991 1083 2046 ad
1109 2007 1270 2047 vnum
1316 2007 1502 2045 omnes
1529 1988 1676 2042 cusos
1697 1987 1793 2042 effe
1819 1989 1941 2059 post
1980 1986 2226 2045 Alexan-

554 2078 713 2134 drum
741 2113 756 2145 ‚
799 2076 1094 2134 Herculem
1129 2093 1305 2133 autem
1337 2077 1402 2132 ad
1427 2074 1726 2131 Alexandri
1747 2076 1950 2129 vultum
1971 2075 2118 2131 fuisse
2151 2075 2227 2130 ef-

552 2165 733 2220 ficstum
768 2164 1056 2220 imitatione
1097 2162 1640 2219 artificiofiffimorum
1679 2158 1976 2215 Alexandri
2025 2180 2217 2220 numo-

557 2268 698 2317 rum,
722 2251 796 2303 ob
822 2252 1236 2307 admirationem
1261 2251 1384 2304 illius
1407 2248 1607 2306 herois,
1699 2243 1785 2302 Sic
1820 2266 1943 2306 eum
1959 2247 2225 2324 Lysippus

555 2351 676 2390 aere
697 2339 949 2404 duxerat,
996 2356 1118 2392 nam
1143 2351 1201 2391 vt
1221 2339 1291 2390 ait
1322 2332 1559 2393 Flaccus.

692 2420 866 2477 sziffl‘o
891 2432 1075 2490 vetutt,
1103 2440 1161 2476 ne
1187 2424 1301 2494 quis
1304 2420 1365 2493 se
1386 2429 1599 2492 praeter
1621 2414 1852 2492 Apellem

708 2505 979 2578 Pingeret,
1002 2517 1091 2562 aut
1122 2508 1247 2561 alius
1270 2505 1475 2581 Lysippo
1497 2507 1701 2559 duceret
1726 2523 1851 2562 aera

702 2588 879 2648 Fortis
903 2589 1193 2650 Alexandri
1217 2590 1750 2665 vultumfimulantia.v

671 2763 744 2821 (3)
807 2760 865 2809 de
892 2759 1170 2809 thematibus
1195 2759 1229 2808 f.
1254 2775 1325 2810 22·
1354 2760 1426 2809 ed.
1455 2758 1677 2808 Bandurii
1738 2760 1810 2823 (ι)
1845 2760 1909 2810 Τ.
1935 2682 2214 2822 1·fi3117l.t1m
