2393 3590
646 90 1276 157 CAPILLARIBVS.
1652 98 1734 160 28
1750 115 1776 178 5

115 264 191 319 ob
224 263 347 317 duas
377 248 687 324 superficies
714 249 1029 317 attrahentes
1053 249 1105 305 in
1139 244 1206 305 A
1230 263 1284 306 et
1306 247 1361 304 in
1384 242 1529 310 FG?
1565 244 1668 306 An
1691 268 1784 323 pe-

113 346 337 420 ripheria
364 337 470 402 FG
496 336 688 395 sursum
718 337 926 393 trahens
951 379 966 406 ,
1007 350 1062 392 et
1102 335 1407 411 peripheria
1443 333 1502 390 D
1532 337 1781 393 deorsum

113 449 310 506 vrgens
337 430 545 500 semper
572 425 670 480 fibi
694 420 1048 496 aequiualent?
1075 439 1128 480 et
1154 440 1285 497 quae
1309 420 1479 480 caussa
1506 426 1657 493 est‚vt
1675 442 1784 479 am-

113 520 267 591 plior
307 510 415 571 FG
455 526 563 566 non
599 528 704 585 pro
732 509 815 565 sua
843 511 1108 568 diametro
1131 510 1330 579 trahat,
1370 509 1456 564 sed
1486 529 1588 581 pro
1616 512 1787 566 altera

116 609 170 662 in
193 604 249 662 D
267 646 281 672 ‚
310 614 390 656 aut
411 599 527 652 vice
549 592 737 651 versa?
770 598 871 652 An
906 599 1057 654 etiam
1082 598 1166 653 hic
1195 599 1329 654 redte
1347 598 1538 653 dicitur
1565 635 1580 666 ,
1635 598 1781 670 quod

119 695 163 763 (ς,
200 705 302 768 49.
316 687 502 742 dicium
519 677 911 739 est2momenta
935 686 1122 740 harum
1139 685 1554 757 peripheriarum
1575 685 1787 740 trahen-

117 763 248 834 tium
273 773 371 831 effe
400 771 653 841 aequalia,
693 784 746 824 et
772 774 1037 825 contraria
1071 792 1088 840 ·‚
1120 773 1302 842 itaque
1342 771 1536 826 destrui
1565 772 1757 827 tradiio

119 881 246 920 nem
293 859 509 917 alteram
550 856 617 911 ab
660 857 861 910 altera:
906 857 1023 911 fieri
1078 857 1162 912 hic
1198 860 1505 914 tractionem
1540 875 1643 930 pro
1698 857 1777 914 su-

120 966 305 1023 prema
328 942 658 1015 peripheria,
687 957 799 994 non
821 941 1088 1008 obstante,
1132 945 1280 1014 quod
1311 944 1532 998 fluidum
1558 962 1786 1016 aqueum

121 1050 270 1092 aereo
287 1034 630 1100 interruptum
655 1026 749 1094 fit3
778 1027 861 1081 vti
886 1028 939 1080 in
977 1028 1177 1099 vulgari
1203 1029 1561 1097 hydrostatica
1589 1030 1786 1103 preffio

118 1122 178 1177 fit
205 1133 308 1192 pro
344 1115 530 1172 infima
567 1112 843 1187 superficie
879 1151 895 1182 ‚
954 1111 1048 1168 etsi
1091 1112 1285 1169 diuersa
1330 1115 1427 1170 fibi
1468 1118 1784 1173 incumbant

113 1205 295 1265 fluida.

267 1291 421 1351 LIV.
507 1287 705 1347 Notati
730 1302 938 1358 tamen,
983 1290 1021 1346 fi
1049 1291 1191 1346 recste
1223 1289 1480 1354 diuinaui,
1508 1290 1787 1346 etiamhoc

108 1380 273 1435 debet
295 1421 309 1447 ,
347 1379 482 1434 aeris
517 1395 738 1450 operam
775 1378 896 1433 huic
937 1377 1256 1450 expositioni
1295 1377 1633 1432 necessariam
1671 1379 1786 1433 effe.

101 1462 257 1545 ,Quid
274 1465 428 1535 igitur
444 1466 575 1522 factu
601 1480 736 1538 opus
755 1506 769 1533 ,
800 1481 922 1520 cum
948 1465 998 1518 in
1022 1479 1179 1520 vacuo
1216 1466 1581 1538 experimenta
1604 1463 1777 1519 succe-

107 1555 232 1608 dunt
282 1552 475 1609 eadem
508 1548 531 1606 3
562 1548 670 1606 Hic
701 1569 840 1626 aqua
876 1549 1058 1607 haeret
1086 1573 1097 1607 :
1135 1565 1184 1605 et
1217 1552 1396 1607 haeret
1431 1551 1778 1624 pertinacius„

110 1651 265 1705 quam
300 1642 480 1696 velles.
576 1637 839 1698 Nondum
879 1638 1028 1692 licuit
1060 1651 1300 1711 repetere
1352 1639 1782 1710 experimentum

113 1721 236 1779 Viri
263 1720 568 1791 Clariinmi,
603 1723 689 1778 sed
712 1723 1120 1778 memorabilius
1157 1725 1229 1779 est
1254 1760 1271 1794 ‚
1331 1740 1486 1795 quam
1506 1738 1564 1777 vt
1589 1723 1680 1778 hic
1710 1740 1773 1779 o-

110 1809 238 1863 mitti
263 1807 434 1881 poffit.

362 1909 459 1970 50,
482 1889 740 1949 Affumto
779 1897 914 1951 tubo
943 1939 958 1965 ,
1017 1898 1159 1951 cuius
1190 1895 1480 1969 longitudo
1518 1908 1628 1950 erat
1684 1911 1778 1973 35.
1824 1878 2092 1952 Pham&

107 1980 240 2053 poll.
282 1981 540 2037 diameter
581 1983 814 2037 cauitatis
858 1987 901 2061 -ὲ
936 1984 1064 2053 poll.
1101 1996 1150 2036 et
1179 1981 1444 2037 summitas
1475 1983 1525 2036 in
1549 1983 1779 2040 tubulum

109 2085 237 2122 vere
262 2068 569 2139 capillarem
592 2067 795 2124 didueca
824 2090 841 2138 3
876 2070 1114 2139 impleuit
1138 2069 1377 2125 tubulum
1407 2087 1536 2142 aqua
1560 2069 1625 2123 ab
1657 2088 1778 2126 aere

105 2153 198 2208 suo
223 2168 544 2228 perpurgata
571 2197 586 2224 ‚
620 2169 674 2209 et
699 2157 827 2210 vidit
849 2173 1066 2211 omnem
1094 2155 1230 2210 hanc
1253 2174 1441 2227 aquam
1465 2155 1698 2227 suspendi
1724 2159 1777 2212 in

105 2258 315 2308 vacu07
364 2255 422 2296 vt
463 2255 583 2296 ante
620 2242 841 2297 diximus
874 2243 1041 2313 phaen
1082 2255 1181 2318 49.
1276 2239 1389 2297 Hic
1427 2259 1563 2297 vero
1589 2245 1782 2301 iustum

108 2330 180 2384 est
199 2330 485 2400 requirere,
503 2346 631 2400 quae
656 2328 1146 2402 suspensionisistius
1170 2333 1487 2384 oeconomia
1517 2330 1577 2384 fit
1603 2325 1627 2382 ξ

242 2411 381 2469 Non
398 2416 536 2470 deest
551 2415 642 2470 fibi
669 2430 755 2471 aut
775 2415 1059 2471 sententiae
1080 2413 1193 2471 suae
1220 2416 1517 2486 ingeniosus
1545 2415 1778 2473 Audon

112 2497 320 2573 Accipe
334 2520 422 2556 ver
434 2502 519 2558 ba:
535 2544 563 2571 ‚,
578 2504 794 2573 optima,
808 2522 934 2575 quae
947 2504 1069 2559 mihi
1081 2502 1344 2570 succurrit,
1363 2505 1425 2558 ad
1439 2504 1573 2558 hanc
1593 2504 1769 2577 diffi„

115 2586 350 2642 cultatem
389 2585 626 2665 responflo
655 2589 785 2644 haec
819 2592 893 2645 est
929 2610 940 2646 :
989 2590 1362 2648 cohaesionem
1384 2593 1516 2645 inter
1545 2607 1778 2659 aquam„

117 2668 314 2728 fistulae
335 2674 605 2753 supremae
642 2676 901 2751 capularis
915 2718 929 2745 ,
963 2689 1013 2728 et
1029 2676 1142 2730 tubi
1166 2677 1453 2746 inferiori52
1474 2675 1706 2733 sufficere
1731 2711 1771 2743 2,

928 2758 1039 2823 Nn
1088 2776 1118 2836 3
1662 2762 1773 2818 “ad
