2393 3590
723 157 978 219 ‚rzLVs
991 156 1353 223 TRATVS.
1732 171 1861 252 463

123 361 125 364 -
202 336 255 382 et
283 321 491 380 adeam
527 314 808 390 paullatim
846 317 1263 390 appropinquat,
1304 314 1421 371 situs
1447 317 1659 373 vrbium
1689 320 1754 374 ab
1791 342 1854 378 o-

199 414 366 470 riente
417 403 590 462 versus
641 400 982 455 occidentem
1036 403 1378 476 persequitur.
1468 401 1554 459 Sic
1610 404 1864 465 Phaestus

200 494 443 567 Gomphi
470 506 523 545 et
546 489 720 544 omnis
745 486 1020 543 Estiaeotis
1052 492 1201 564 regio
1240 533 1255 560 ‚
1295 490 1369 544 fic
1401 489 1753 548 Theffaliotis
1792 497 1857 552 ad

192 562 538 639 occidentem
552 576 667 648 post
686 571 1004 644 Pelasgiotas
1029 592 1292 648 ponuntur
1308 591 1362 633 et
1388 578 1616 652 denique
1640 578 1864 635 Phthio-

187 671 252 725 tis
275 671 426 741 regio
451 678 678 720 extrema
708 662 805 728 est,
840 664 982 732 quod
1004 678 1056 719 et
1074 665 1410 734 Pelasgiotidi
1446 680 1500 721 et
1519 665 1856 724 Thessalioti-

191 758 243 811 di
269 758 334 811 acl
359 751 625 808 meridiem
650 751 1097 819 praetenderetur.
1179 748 1333 824 Quae
1356 769 1480 807 cum
1503 755 1577 809 ita
1598 755 1724 824 sint,
1756 751 1857 811 Pe-

193 840 456 916 lasgiotidi
483 832 730 908 Gyrtona
752 838 983 891 attribuit
1010 836 1278 899 Claudius.
1320 840 1688 913 Hieronymus
1712 844 1854 916 apud

196 925 511 983 Strabonem
547 923 704 976 tradit
743 919 837 993 (7)
870 917 933 977 τὸ
986 925 1298 1000 >tammum
1326 921 1717 1003 Πελασγικόν
1744 948 1839 985 πε-

192 1007 242 1066 δί
256 1033 313 1068 ov
339 1008 614 1083 Pelasgicum
645 1016 876 1078 campum
899 1049 913 1074 ‚
933 1020 992 1062 vt
1017 1020 1139 1064 tunc
1165 1014 1558 1086 nuncupabatur
1579 1053 1594 1082 ‚
1639 1016 1846 1071 habuis-

187 1097 240 1153 se
262 1099 415 1153 vrbes
433 1091 688 1167 Lfiriffimz
712 1137 727 1163 ‚
748 1090 998 1165 Gyrtona
1012 1135 1026 1159 ‚
1066 1092 1271 1150 Pheras
1288 1134 1303 1165 ‚
1341 1098 1625 1172 Magnetin
1647 1116 1700 1156 et
1721 1104 1849 1159 alias

183 1185 438 1257 quasdam.
530 1181 661 1238 Alia
679 1181 886 1236 videtur
911 1181 1009 1236 effe
1037 1178 1340 1249 Pelasgiotis
1366 1189 1552 1257 regio,
1592 1188 1657 1241 ad
1681 1207 1842 1261 quam

180 1271 299 1327 nihil
324 1270 583 1344 Magnetis
606 1304 619 1335 ,
669 1269 795 1323 alius
818 1268 1107 1336 Pelaig²cus
1134 1282 1265 1339 ager
1286 1310 1305 1336 ‚
1344 1270 1394 1322 in
1420 1288 1529 1341 quo
1554 1276 1714 1328 etiam
1727 1276 1845 1330 Ma,

182 1359 351 1430 gnetis
378 1356 690 1415 censebatur,
781 1351 1105 1426 Μαγνῆτις
1144 1355 1305 1409 etiam
1347 1353 1612 1429 Sophocli
1644 1373 1695 1412 et
1712 1360 1839 1414 Par-

176 1443 359 1498 thenio
384 1443 455 1497 est
478 1440 800 1514 Μοίγνησις
836 1438 1110 1514 Magmssa
1136 1478 1153 1508 ‚
1201 1457 1362 1513 caput
1387 1446 1703 1515 prouinciae
1733 1447 1841 1501 eius

177 1529 424 1586 nominis⁶
514 1523 617 1582 Sed
654 1525 985 1581 Ptolemaeus
1021 1529 1217 1583 nullam
1245 1532 1573 1600 prouinciam
1599 1533 1827 1606 Magne-

175 1614 295 1670 siam
323 1612 499 1670 edidit.
594 1611 814 1669 Vrbem
837 1613 1166 1682 Magnefiam
1195 1630 1251 1670 et
1296 1619 1409 1673 e'us
1437 1619 1670 1687 regionis
1705 1621 1833 1675 alias

172 1711 283 1754 tres
305 1697 595 1771 Pelasgiotis
619 1733 637 1767 ,
683 1715 888 1754 ceteras
915 1700 1074 1754 Vrbes
1095 1700 1349 1757 Phthiotis
1374 1703 1664 1777 adscripsit.
1741 1707 1833 1762 Ex

175 1803 278 1858 quo
290 1787 425 1841 vides
447 1802 690 1840 errorem
704 1785 857 1843 Plinii
874 1829 888 1855 ‚
904 1805 1026 1841 cum
1042 1782 1353 1859 Gyrtonain
1370 1791 1633 1860 Magnesia
1649 1792 1828 1847 collo-

170 1886 272 1939 cat,
283 1873 421 1928 veluti
436 1873 571 1928 inter
582 1869 932 1944 Pelasg÷otida
945 1876 1331 1948 etMagnesiam
1342 1878 1683 1950 prouinciam
1693 1879 1823 1934 nihi}

167 1957 453 2014 discriminis
478 1961 549 2015 fit
554 1959 829 2031 Decipere
857 1978 977 2016 eum
1005 1963 1163 2015 etiam
1189 1959 1387 2019 Strabo
1401 1977 1622 2038 poterat
1638 1963 1780 2040 (ΒΜ
1777 1968 1823 2021 ii

167 2044 236 2101 fic
261 2044 480 2101 fiitusest.
467 2068 616 2146 :fregi
630 2039 732 2103 τ’ὂν
756 2047 854 2118 Πη
868 2068 961 2103 vcia
973 2067 999 2102 ν
1019 2042 1415 2124 ὔτπνΠήλιον
1443 2046 1631 2106 difflua·
1609 2074 1689 2119 ες
1708 2073 1746 2129 {9
1763 2050 1809 2108 οἱ

166 2123 277 2197 τήν
302 2128 600 2210 Γυοτῶνα’
589 2123 832 2210 ἔχοντες
865 2157 901 2212 ὕ
930 2123 1091 2190 amet
1121 2134 1304 2204 7r7te'4845
1331 2140 1397 2195 ad
1417 2136 1631 2194 Pereum
1656 2150 1712 2194 et
1724 2141 1818 2194 Fe.

158 2216 269 2270 lium
294 2219 447 2274 colunt
469 2239 572 2277 cum
592 2219 838 2291 Girtonii
851 2261 866 2291 ‚
897 2232 1007 2278 tum
1038 2222 1131 2278 aliz·
1148 2224 1346 2297 plures,
1441 2226 1608 2282 Recte
1635 2228 1700 2281 de
1722 2226 1817 2282 Pe-

155 2319 261 2356 neo
284 2304 458 2376 fluui0,
489 2323 539 2363 at
562 2308 733 2365 Pelius
762 2329 920 2367 mons
945 2313 998 2365 in
1027 2307 1310 2385 Magnesia
1332 2315 1512 2384 potius
1537 2327 1648 2366 erat
1678 2315 1816 2368 situs,

155 2387 482 2461 Magnesiae
470 2396 620 2468 igitur
638 2397 769 2456 vrbs
794 2412 906 2454 erat
929 2393 1186 2470 Gyrtone
1212 2435 1228 2467 ‚
1262 2400 1300 2454 fi
1318 2399 1473 2456 Pelio
1499 2401 1673 2454 monti
1699 2401 1812 2455 sub

149 2473 280 2532 iecta
315 2477 416 2534 fuit.
513 2478 667 2539 Aut
681 2486 909 2560 denique
943 2503 1012 2541 ex
1046 2503 1113 2542 eo
1145 2500 1290 2543 natus
1323 2488 1397 2542 est
1425 2502 1575 2542 error
1601 2524 1618 2555 ‚
1664 2489 1810 2558 quod

150 2552 337 2620 Plinius
361 2560 592 2640 Gyrtoni
618 2571 917 2632 finitimam
944 2573 1133 2632 vrbem
1154 2573 1410 2632 Lariffam
1438 2575 1540 2631 effe
1572 2592 1801 2647 accepe-

1701 2675 1806 2730 rar,

287 2819 356 2881 (7)
403 2819 565 2885 f-505-
626 2827 702 2890 (8)
745 2829 907 2893 5503.
