2393 3590
1139 144 1245 232 *ssss
1271 148 1451 233 (482)
1483 145 1589 234 gs<-

599 305 1220 391 NICOLAI
1315 301 2150 389 BERNOVLLI

1187 433 1545 514 Ioh.Fil.

1079 562 1160 643 V
1238 563 1282 642 Ι
1378 561 1453 641 T
1526 562 1641 645 A.

1213 689 1308 772 C.
1406 688 1506 771 G.

873 862 1067 923 Nnum
1098 864 1176 921 cla
1190 863 1236 922 lo
1254 880 1429 920 ccxxv
1445 882 1487 929 t.
1526 865 1596 922 vti
1622 863 1864 937 singulari
1890 858 2192 923 CATHA-

911 948 1186 1009 RINAE
1241 949 1366 1008 AV
1368 948 1421 1008 G
1437 950 1498 1010 V
1496 948 1716 1009 STAE
1781 952 2059 1008 clementia
2089 970 2201 1009 me-

910 1039 1231 1096 morabilem
1273 1075 1288 1106 ,
1311 1104 1313 1109 ‚
1334 1041 1409 1095 ita
1461 1040 1662 1112 duplici
1700 1037 1886 1096 funere
1917 1039 2205 1097 luctuosum

818 1141 826 1156 ²
905 1124 1143 1182 Societas
1167 1126 1346 1182 nostra
1371 1126 1545 1182 habuit
1572 1163 1588 1194 ,
1637 1127 1846 1198 quando
1875 1127 2058 1198 paullo
2085 1139 2206 1181 ante

526 1213 801 1288 publicum
824 1213 974 1271 illum
989 1210 1458 1270 Academicorum
1485 1228 1814 1278 conuentum
1834 1212 2200 1284 Imperatricis

522 1299 818 1372 praesentia
841 1297 1369 1368 illustrem,Michael
1392 1297 1604 1370 Burger
1629 1301 1828 1371 primus
1857 1334 1872 1367 ,
1923 1298 2115 1354 deiude
2149 1312 2203 1356 et

525 1385 775 1444 Nicolaus
813 1387 1141 1444 Bernoullius
1175 1404 1206 1442 e
1241 1387 1371 1441 viuis
1403 1382 1761 1446 discesserunt,
1865 1385 1958 1443 De
1977 1381 2203 1459 Burgeri

525 1475 741 1545 quidem
776 1475 887 1529 vita
913 1473 1041 1528 nihil
1076 1473 1380 1528 admodum
1406 1472 1688 1527 dicendum
1719 1471 1996 1538 habemus„
2029 1472 2205 1528 donec

527 1562 766 1616 certiora
797 1560 953 1615 nobis
982 1560 1303 1614 documenta
1332 1557 1627 1614 offerantur
1653 1603 1666 1624 ,
1711 1560 1813 1613 inte
1828 1575 1912 1613 rea
1932 1575 2042 1613 non
2065 1575 2195 1631 pos-

525 1646 698 1703 sumus
721 1647 842 1718 quin
865 1648 1028 1701 vitam
1070 1644 1283 1701 Nicolai
1304 1641 1562 1700 Bernoulli
1592 1646 1831 1712 collegae
1864 1643 2198 1705 defideratis-

483 1726 486 1727 ⁷
526 1734 644 1790 fimi
668 1745 718 1788 et
743 1745 895 1806 grato
925 1734 1108 1787 animo
1138 1730 1437 1786 recolamus
1453 1731 1546 1802 ipsi
1566 1772 1580 1798 ‚
1620 1743 1674 1784 et
1701 1729 1812 1785 aliis
1842 1767 1855 1799 ‚
1895 1730 2082 1802 quibus
2112 1749 2198 1787 res

527 1821 743 1875 nostrae
767 1837 827 1875 ac
855 1819 1123 1874 bonarum
1149 1817 1346 1873 artium
1370 1817 1691 1872 incrementa
1720 1833 1875 1873 curae
1901 1817 2011 1877 sunt
2038 1853 2054 1886 ,
2090 1817 2200 1874 ser-

527 1907 758 1962 uandam
785 1907 1245 1963 commendemus,

673 1990 967 2066 Originem
992 1992 1144 2047 duxit
1168 2010 1198 2046 e
1220 2002 1391 2065 gente,
1408 2006 1537 2063 quae
1562 1989 1841 2062 primarias
1873 1989 1929 2044 in
1951 1989 2199 2048 Heluetia

531 2080 813 2151 dignitates
859 2080 965 2132 iam
1004 2078 1126 2133 inde
1164 2097 1191 2133 a
1223 2080 1516 2151 longinquo
1558 2090 1813 2148 tempore
1833 2076 2067 2132 obtinuit.
2110 2076 2196 2133 A-

532 2186 623 2223 uus
645 2168 751 2220 eius
774 2178 1018 2238 paternus
1042 2165 1137 2219 fuit
1162 2164 1407 2220 Nicolaus
1431 2161 1753 2218 Bernoullz'us
1771 2160 2000 2236 supremi
2025 2165 2076 2219 in
2092 2164 2198 2220 Re.

521 2253 719 2328 publica
738 2247 1002 2328 Bafileenst
1020 2247 1529 2323 tribunalisAffifJme
1553 2250 1700 2305 huius
1723 2249 1859 2303 filius
1885 2264 2004 2305 natu
2027 2255 2201 2309 maxi-

535 2356 655 2393 mus
682 2338 894 2392 Iacobus
918 2334 1055 2410 Prof
1053 2387 1059 2394 ,
1081 2335 1158 2392 Μ
1162 2336 1278 2398 ath,
1306 2333 1527 2411 Bafileen
1546 2354 1603 2389 ω.
1652 2333 1915 2390 Secundus
1945 2337 2200 2394 Nicolaus

534 2423 768 2496 Reipzcbl.
795 2421 947 2494 Bafil.
979 2422 1203 2479 Senator
1225 2420 1392 2477 Pater
1413 2420 1617 2476 Nicolas'
1639 2419 1889 2477 Bernoulli
1915 2420 2197 2495 Profioffbris

534 2507 661 2580 Log.
686 2504 1213 2579 BastleeaegfisTertius
1251 2505 1519 2575 Iohannes,
1542 2504 1785 2581 Profigffbr
1821 2505 2003 2564 Math.
2041 2509 2194 2582 Bafil.

538 2593 778 2671 Quartus
810 2590 1143 2663 Hieronymus
1178 2631 1192 2661 ‚
1235 2600 1518 2647 mercator.
1574 2594 1754 2649 Mater
1781 2591 1999 2652 Nicolai
2026 2598 2195 2651 nostri

537 2679 785 2754 superstes
805 2681 873 2737 est
898 2676 1198 2752 Dorothea,
1214 2676 1456 2737 Danielis
1472 2674 1521 2736 F
1520 2679 1723 2739 alkneri
1746 2680 1875 2756 filia,
1903 2684 2041 2740 cuius
2069 2699 2196 2739 auos

2065 2784 2199 2847 pro-
