2393 3590
525 178 656 262 486
971 160 1342 229 NICOLAI
1383 156 1873 225 BERNOVLLI

528 335 701 406 aliquo
737 341 955 386 munere
990 321 1241 379 habentur
1277 333 1385 374 tres
1422 319 1647 370 omnino
1679 318 1931 387 eligantur
1956 331 2196 374 commu-

536 421 690 478 nibus
717 414 982 486 suffragiis
1025 450 1038 476 ‚
1105 423 1238 461 vnus
1270 406 1490 473 denique
1526 417 1596 454 ex
1632 402 1804 456 tribus
1834 406 1974 458 sorte
1997 404 2194 471 vincat,

533 525 690 581 quam
713 521 832 558 cum
853 501 942 554 hic
974 490 1241 548 aduersam
1272 488 1371 542 sibi
1395 500 1646 557 expertus
1673 488 1818 553 essct,
1861 491 2036 558 paullo
2052 489 2193 563 post,

535 594 696 648 initio
725 589 845 643 anni
863 582 1174 637 clolnccxxt
1195 589 1217 628 1
1241 588 1290 632 1.
1316 571 1548 627 Bernam
1563 572 1873 627 honorifico
1898 573 2095 629 senatus
2111 575 2198 629 de-

537 693 690 733 creto
718 685 931 727 vocatus
957 664 1039 739 (ea
1067 661 1287 716 enimin
1309 659 1443 712 vrbe
1467 658 1604 714 sorte
1627 676 1735 713 non
1763 646 2017 725 certatur)
2049 660 2111 713 ad
2141 660 2201 714 fi-

538 764 665 819 mile
691 772 877 813 munus
901 749 1151 806 conceffit
1182 762 1234 801 et
1258 763 1388 817 quae
1423 743 1589 801 solent
1625 748 1818 820 ingenii
1859 759 2013 818 atque
2033 742 2199 800 scien-

539 855 648 906 tiae
672 841 951 919 specimina
976 836 1158 890 edidit.

690 931 764 985 In
787 929 892 983 hoc
919 925 1051 979 statu
1079 939 1200 976 cum
1230 939 1295 977 ex
1322 919 1482 975 animi
1506 919 1754 976 sententia
1782 920 1984 975 viueret
2008 963 2021 989 ‚
2057 932 2215 993 atque

465 1061 468 1065 .
537 1021 590 1074 in
616 1015 914 1075 amicitiam
955 1006 1164 1065 Tillierz·
1202 1025 1253 1064 et
1281 1007 1523 1076 Sinneri,
1570 1009 1949 1077 primariorum
1977 1009 2214 1062 virorum

546 1106 764 1160 ciuitatis
798 1101 889 1156 suo
916 1096 1117 1150 merito
1139 1097 1346 1152 veniffet
1372 1130 1385 1160 ‚
1423 1096 1489 1149 ita
1518 1111 1629 1148 erat
1653 1094 1776 1148 huic
1808 1096 1928 1148 vrbi
1958 1094 2218 1160 addietu3‚

544 1205 604 1247 vt
634 1189 699 1245 ab
720 1190 796 1245 his
820 1185 998 1241 amicis
1022 1197 1069 1237 et
1092 1184 1196 1238 hoc
1223 1198 1417 1256 genere
1444 1180 1615 1247 vitae,
1655 1183 1891 1250 quamuis
1923 1180 2029 1235 alio
2059 1177 2218 1235 semel

549 1292 703 1349 atque
732 1278 926 1329 iterum
946 1269 1254 1341 aequiffimis
1283 1264 1671 1322 conditionibus
1693 1280 2008 1334 vocaretur,
2046 1262 2213 1320 diuel-

549 1366 591 1420 li
619 1380 727 1417 non
764 1360 950 1433 poffet.
1046 1356 1239 1414 Vnum
1285 1352 1610 1426 permoleste
1655 1352 1762 1407 tulit
1786 1388 1800 1419 ‚
1849 1353 1996 1425 quod
2035 1351 2217 1406 fratris

549 1448 934 1512 contubernio,
979 1444 1061 1515 qui
1087 1459 1155 1497 eo
1185 1457 1435 1513 tempore
1458 1453 1570 1492 erat
1592 1438 1870 1509 Venetii5‚
1904 1453 2016 1493 tam
2039 1439 2126 1493 diu
2140 1453 2230 1491 ca.

553 1536 709 1593 rebat
739 1571 753 1602 ‚
798 1547 956 1604 quem
995 1546 1106 1582 non
1129 1528 1303 1582 modo
1330 1538 1386 1578 vt
1418 1526 1638 1581 fratrem
1660 1539 1711 1577 et
1739 1525 2044 1599 discipulum
2077 1560 2092 1590 ,
2139 1520 2225 1577 sed

552 1625 699 1680 velut
725 1621 954 1675 amicum
987 1628 1039 1668 et
1059 1615 1401 1679 familiarem,
1435 1626 1488 1665 et
1510 1611 1599 1666 fibi
1626 1613 1869 1667 maxime
1895 1611 2232 1667 necessarium

559 1708 830 1780 diligebat.
914 1694 1047 1757 Fuit
1070 1699 1278 1771 quidem
1307 1710 1447 1751 certe
1473 1698 1604 1751 inter
1632 1714 1726 1750 eos
1765 1697 2064 1752 animorum
2101 1713 2231 1750 con-

562 1793 736 1851 sensus
776 1798 942 1861 atque·
967 1787 1260 1842 concordia
1299 1783 1556 1855 fingularis
1582 1824 1595 1850 ‚
1643 1782 1763 1838 nihil
1790 1782 2064 1838 accidebat
2091 1780 2235 1837 alteri

565 1882 717 1955 quod
745 1879 872 1933 alter
899 1875 964 1929 ad
994 1873 1044 1928 se
1070 1874 1334 1946 pertinere
1356 1886 1465 1923 non
1485 1882 1714 1940 putaret,
1748 1886 1916 1940 neque
1942 1868 2058 1925 satis
2078 1869 2236 1924 habe-

567 1970 699 2024 bant
737 1959 1064 2037 permiscere
1104 1977 1165 2015 ac
1202 1971 1389 2011 mutuo
1416 1973 1608 2010 amore
1648 1957 1965 2011 confundere
1988 1953 2241 2027 quidquid

570 2068 789 2124 vterque
812 2051 865 2104 in
891 2047 1108 2104 Mathesi
1134 2045 1222 2100 suo
1252 2044 1467 2116 ingenio
1493 2041 1926 2112 excogitauerant
1943 2083 1957 2110 ‚
1981 2045 2033 2095 in
2061 2041 2237 2097 lucem

570 2142 729 2198 edere
756 2135 1018 2210 parabant
1041 2135 1129 2188 has
1152 2130 1286 2202 ipsas
1301 2128 1689 2184 lucubrationes
1713 2129 2244 2197 communinomine,

574 2243 630 2284 vt
659 2238 849 2279 omnes
884 2219 1252 2289 intelligerent,
1281 2217 1389 2270 hoc
1423 2216 1648 2269 inuicem
1679 2211 1864 2269 affec‘tu
1901 2228 2052 2288 atque
2077 2215 2248 2270 indul·'

578 2315 751 2387 genti-A
790 2307 927 2362 fuiffe
965 2324 1060 2376 par
1097 2305 1323 2359 fratrum
1351 2300 1799 2356 Bernoulliorum.
1884 2302 1973 2357 Ex
1995 2318 2099 2374 quo
2120 2300 2245 2355 iudi.

581 2400 688 2454 cari
716 2396 906 2465 potest,
935 2406 1125 2463 quanta
1149 2407 1269 2443 cum
1295 2388 1572 2457 voluptate
1596 2385 1834 2442 oblatum
1857 2388 1948 2443 fibi
1981 2404 2165 2442 munus
2193 2387 2248 2441 in

583 2481 889 2540 Academia
914 2474 1074 2530 Petro
1084 2476 1302 2542 pontana
1315 2488 1534 2544 vterque
1557 2470 1885 2543 susceperint,
1973 2472 2248 2529 Praeterea

583 2583 635 2625 et
659 2563 856 2623 Daniel
875 2561 1184 2617 Bernoullius
1207 2559 1543 2613 conditiones
1564 2572 1719 2629 atque
1739 2561 1977 2629 praemia
1996 2559 2085 2613 sub
2100 2560 2246 2614 idem

589 2668 804 2725 tempus
832 2651 882 2702 in
916 2650 1015 2702 alia
1054 2648 1274 2717 regione
1310 2645 1403 2698 fibi
1426 2644 1700 2714 destinata,
1728 2642 1818 2716 spe
1842 2647 2064 2700 maioris
2088 2646 2244 2713 lucri,

592 2738 747 2814 quod
787 2737 839 2789 in
883 2735 1056 2789 fratris
1096 2731 1341 2786 conuidw
1373 2730 1597 2800 pofitum
1634 2744 1770 2800 erat,
1809 2733 2144 2803 repudiauit,
2183 2733 2254 2785 ita

595 2844 656 2885 vt
676 2824 863 2911 ¹ambo
904 2817 1249 2893 agnoscerent
1278 2816 1486 2876 illustris
1510 2816 1765 2875 Praefidis
1790 2819 1950 2876 nostri
1971 2818 2252 2895 prouiden-

2116 2905 2256 2962 tiam
