2393 3590
605 151 742 233 462
1067 140 1377 207 NVMVS
1433 138 1894 204 GYRTONES

606 301 944 377 Stymphalia
972 299 1025 356 in
1052 296 1364 355 Arcadibus
1392 299 1509 365 fuit,
1555 299 1619 352 ad
1639 315 1769 369 quos
1791 300 1917 356 nihil
1945 311 2030 356 aut
2057 292 2265 372 Gyrto-

604 404 780 460 ne‚aut
806 391 891 446 hic
911 386 1201 445 Ptolemaei
1225 388 1396 442 locus,
1483 383 1700 436 Idcirco
1719 388 2030 442 acutiffimus
2052 385 2259 443 Palme.

604 481 709 536 rius
730 476 1069 541 emend-nuit,
1102 486 1159 526 vt
1183 469 1309 524 effet
1329 463 1832 525 ΣΤΥΜΦΑΙΑΣ.
1941 471 2263 545 Stymphaea
2318 481 2320 483 ’

605 568 761 639 regio
785 566 835 616 in
863 562 1032 632 Epiro
1057 558 1160 627 est,
1202 556 1353 629 super
1384 554 1737 627 Thespi-otiis,
1833 558 1905 613 Et
1937 557 2048 613 huic
2067 561 2268 629 regioni

602 650 809 706 numeri
837 663 1043 719 quoque
1069 657 1368 718 congruunt
1393 644 1639 717 graduum
1666 689 1680 714 ,
1713 661 1841 718 quos
1876 646 1925 698 in
1949 642 2267 721 Ptolemaeo

604 738 809 810 politos
834 734 1101 788 cernimus
1207 731 1421 786 Idcirco
1456 725 1728 788 Gerardus
1759 733 2040 788 Mercator
2073 723 2267 787 vrbem

603 839 814 895 quoque
838 824 892 874 in
918 820 1063 890 Epiri
1089 817 1290 875 finibus
1309 818 1603 874 collocauit
1625 862 1639 888 ,
1673 821 1735 876 ad
1776 835 1910 891 quos
1938 817 2067 873 nihil
2100 815 2267 889 perti-

605 927 730 966 nere
754 950 770 975 ,
805 906 893 960 vel
920 922 989 959 ex
1013 921 1080 959 eo
1104 919 1303 962 certum
1323 906 1396 960 est
1412 942 1428 974 ‚
1464 908 1607 979 quod
1631 901 1876 979 Gyrtone
1902 906 2037 960 haud
2061 905 2267 973 longea

603 990 811 1051 Larissa
839 993 928 1048 fita
954 991 1066 1052 fuit,
1154 987 1331 1062 ere
1353 1034 1371 1062 ,
1395 1005 1452 1047 vt
1476 993 1710 1064 plerique
1734 993 1817 1047 alii
1843 994 2079 1057 numeri,
2114 993 2184 1044 ita
2210 988 2269 1044 hi

602 1098 815 1155 quoque
845 1081 896 1134 in
923 1078 1240 1152 geographo
1268 1080 1508 1150 corrupti
1544 1079 1749 1135 fuerunt
1771 1121 1786 1149 ,
1820 1098 1944 1136 nam
1978 1094 2166 1135 verum
2199 1074 2266 1132 fi-

602 1182 716 1225 tum
738 1169 1076 1226 Ptolemaeus
1108 1168 1353 1234 ignorare
1379 1182 1489 1218 non
1523 1179 1755 1234 poterat,
1849 1164 1914 1219 Si
1941 1167 2117 1239 itaque
2143 1178 2262 1236 gra-

605 1257 706 1310 dus
725 1252 1056 1321 longitudinis
1082 1253 1364 1316 emendes,
1399 1248 1624 1304 habebis
1651 1245 1956 1321 Gyrtonem
1975 1254 2072 1307 suo
2097 1256 2147 1306 in
2175 1248 2273 1307 fitu

603 1359 776 1416 prope
803 1337 1083 1395 Larissam,
1175 1333 1386 1388 Sci-ibes
1412 1348 1583 1390 autem
1608 1336 1677 1390 fic

603 1427 861 1505 Γυξτώικη
888 1418 1322 1495 μ’9.ΕὙ“-λ“9.
1349 1410 1426 1476 L¹.
1537 1418 1764 1493 Gyrtone
1792 1426 1944 1500 ,φρ-ὲ.
1970 1429 2188 1501 3-39-'2-

601 1512 680 1568 Ita
714 1506 961 1580 scripsisse
986 1508 1197 1562 videtur
1219 1505 1556 1566 Ptolemaeus
1575 1552 1593 1578 ,
1645 1510 1760 1564 dein
1793 1526 1913 1565 cum
1936 1512 2177 1583 corrupti
2198 1528 2275 1567 es-

598 1601 710 1654 sent
731 1593 971 1660 numeri,
1008 1606 1064 1647 vt
1090 1594 1156 1647 ad
1185 1591 1569 1667 Stymphaeam
1593 1598 1913 1669 quadrarent
1938 1634 1954 1665 ,
1995 1596 2194 1654 sciolus
2218 1615 2276 1656 a·

598 1686 745 1756 liquis
774 1682 829 1735 id
854 1696 1055 1735 nomen
1078 1680 1316 1753 regionis
1346 1681 1592 1750 inseruit,
1639 1699 1707 1736 ex
1730 1698 1835 1753 quo
1859 1682 2049 1737 iterum
2077 1700 2275 1738 corru-

598 1785 700 1844 pto
729 1808 745 1837 ,
788 1766 921 1822 faeta
959 1768 1027 1821 est
1066 1767 1286 1839 denique
1328 1764 1673 1841 Stymphalia.
1764 1767 1829 1823 Id
1865 1781 2037 1823 autem
2061 1769 2165 1841 ipse
2185 1786 2296 1824 vr:-

601 1858 745 1911 bium
791 1854 932 1909 ordo
971 1854 1161 1911 luadet.
1251 1852 1404 1912 Nam
1443 1852 1786 1911 Ptolemaeus
1815 1852 2126 1927 monuit(6)
2151 1854 2275 1911 sein

599 1943 838 2015 qualibet
865 1941 1078 2010 regione
1101 1941 1225 1996 ficus
1248 1944 1582 2016 oppidorum
1611 1961 1639 1997 a
1663 1943 1830 1997 borea
1860 1940 2106 2014 prosequi
2129 1984 2143 2010 ,
2176 1944 2274 1997 do-

595 2035 770 2086 necin
805 2042 942 2083 noto
991 2027 1213 2087 definat,
1302 2029 1485 2103 Itaque
1513 2026 1694 2084 Gonni
1724 2065 1738 2094 ‚
1773 2024 1972 2085 Larissa
1995 2069 2010 2096 ,
2044 2026 2275 2099 Pherae,

598 2114 871 2189 Gyrtone,
884 2114 1047 2169 altera
1070 2112 1200 2168 infra
1223 2114 1443 2171 alteram
1470 2112 1732 2186 ¹tamquam
1761 2115 2036 2171 australior
2073 2131 2277 2187 ponen-

601 2205 665 2258 da
690 2204 796 2259 fuit.
884 2197 1469 2257 Addidit'Ptolema‘eus
1495 2203 1545 2257 se
1571 2202 1698 2255 situs
1727 2219 1939 2273 quoque
1970 2200 2174 2256 vrbium
2205 2200 2272 2256 ab

604 2291 882 2344 occidente
931 2284 1106 2341 versus
1150 2288 1414 2345 orientem
1454 2292 1632 2343 citare.
1724 2285 1829 2342 Sed
1853 2289 1970 2343 illud
1998 2290 2048 2342 in
2069 2306 2137 2343 eo
2166 2305 2274 2342 non

602 2378 672 2430 est
696 2389 1029 2447 perpetuum.
1119 2371 1247 2428 Hoc
1270 2376 1397 2429 loco
1427 2393 1547 2430 cum
1587 2376 1812 2448 Epirum
1855 2375 2129 2430 subiectam
2157 2374 2276 2432 Ma-

601 2461 858 2517 cedoniae
887 2496 901 2527 ,
962 2459 1011 2510 in
1053 2475 1155 2528 qua
1183 2458 1453 2517 Thessalos
1474 2505 1492 2531 ,
1528 2476 1798 2533 tamquam
1843 2464 2089 2518 minores
2113 2474 2181 2528 et,
2215 2472 2277 2514 vt

598 2561 716 2605 tum
741 2559 853 2601 erat
889 2587 904 2615 9
948 2543 1223 2599 attributas
1259 2562 1443 2623 gentes
1485 2584 1501 2619 ,
1555 2548 1762 2618 censet,
1786 2560 2040 2623 perpetuo
2060 2545 2277 2619 respicit

2223 2644 2274 2689 et

688 2802 792 2860 (931.
808 2797 869 2846 Π.
899 2817 931 2847 c.
960 2814 996 2845 ι.
