2393 3590
699 188 817 249 DE
900 184 1298 248 BJLANch
1309 187 1424 250 Vs,
1849 197 1928 275 63

395 357 451 418 9.
542 336 894 413 Suspendatur
916 346 1020 403 hoc
1046 345 1236 402 lineale
1261 361 1329 399 ex
1350 344 1568 401 cultello
1600 343 1650 407 F
1677 360 1927 423 tanquam

259 430 407 486 clauo
434 429 777 503 suspensionis
805 448 857 488 et
882 434 1083 490 linealis
1098 445 1149 487 et
1169 433 1428 503 bilancis3
1462 434 1536 488 ita
1557 448 1616 489 vt
1638 439 1927 512 perpendi-

256 519 356 574 culi
387 535 432 588 y
466 519 831 589 filum‚lineae
855 521 1208 593 permedium
1233 520 1460 577 laminae
1476 521 1812 579 descendenti
1834 543 1917 581 re·
1962 581 1964 583 ,

250 605 524 679 spondeat,
535 608 679 680 quod
696 609 1037 666 cochlearum
1054 604 1444 664 foeminearum
1460 609 1491 663 b
1505 621 1555 664 et
1574 609 1607 664 d
1617 616 1923 682 promotio..

250 712 317 749 ne
333 694 655 751 obtinebitur
681 696 783 754 His
800 699 937 755 reste
958 697 1060 753 sese
1073 694 1393 751 habentibus
1405 694 1740 770 suspendatur
1750 715 1818 753 ex
1834 716 1927 754 eo,

255 782 376 836 dem
400 781 616 838 cultello
651 778 703 839 F
729 797 842 839 tota
866 784 1047 840 bilanx
1068 801 1164 856 per
1187 781 1464 838 foraminis
1491 785 1656 839 medii
1670 784 1921 860 sephip-

252 869 332 941 pii
353 868 407 925 D
436 869 711 927 crenulam
730 870 1054 944 superiorem
1082 871 1226 925 cuius
1260 868 1497 926 inferiori
1533 872 1729 947 angulo
1756 874 1918 930 adda-

250 967 334 1011 tur
359 956 736 1030 pondusculum
758 976 797 1029 g
840 972 964 1011 tunc
994 970 1110 1012 tota
1136 956 1386 1011 machina
1414 957 1512 1012 erit
1538 961 1811 1015 adornata.

434 1055 525 1098 10.
610 1042 919 1097 Iustificatio
971 1042 1197 1095 bilancis
1233 1043 1339 1096 hoc
1388 1045 1561 1099 modo
1598 1047 1910 1105 instituatur:

250 1126 542 1198 Redigatur
570 1128 637 1183 ad
664 1126 1033 1201 aequilibrium
1058 1126 1240 1198 scapus
1296 1146 1314 1194 ·,
1381 1129 1434 1180 id
1477 1134 1621 1198 quod
1658 1149 1725 1185 ex
1762 1151 1919 1192 crena

251 1215 485 1284 brachii,
516 1232 711 1271 crenae
732 1216 936 1271 linealis
966 1213 1116 1276 13ssss
1143 1215 1196 1268 in
1218 1213 1355 1268 linea
1381 1215 1525 1268 refta
1558 1217 1920 1288 respondente

248 1301 616 1376 cognoscitur.
703 1301 832 1360 Hoc
863 1316 924 1358 vt
960 1301 1165 1357 eueniat
1207 1302 1425 1356 ducatur
1463 1302 1773 1376 ephippium
1811 1323 1921 1379 ope

248 1390 595 1444 adiacentium
618 1388 965 1444 cochlearum
995 1406 1052 1443 cc
1073 1401 1324 1459 quantum
1353 1387 1469 1442 fieri
1496 1392 1667 1462 potest
1700 1391 1765 1445 ad
1792 1410 1908 1447 me-

253 1476 398 1529 dium
435 1475 572 1545 scapi
600 1477 847 1546 punctum
884 1488 934 1529 et
975 1475 1232 1529 cochleae
1260 1476 1603 1531 combinatae
1613 1493 1690 1549 yu
1716 1479 1917 1536 brachii

244 1560 726 1633 praeponderantis
749 1563 965 1617 vlterius
995 1559 1172 1617 versus
1197 1561 1512 1635 ephippium
1551 1581 1913 1636 promouean-

245 1661 348 1715 tur,
385 1649 457 1702 fic
481 1649 688 1721 grauius
716 1648 980 1705 brachium
1010 1649 1173 1704 leuius
1189 1650 1460 1719 redditur,
1507 1665 1558 1705 et
1580 1653 1801 1707 alterum
1827 1655 1904 1710 le-

239 1735 354 1789 uius
387 1734 642 1804 grauitate
684 1750 911 1806 augetur.
1008 1731 1151 1791 Non
1185 1737 1358 1809 itaque
1392 1740 1590 1795 neceffe
1614 1739 1827 1798 habebis
1851 1744 1909 1797 li„

237 1821 438 1876 mando
463 1825 779 1893 grauitatem
803 1824 1279 1896 praeponderantis
1299 1823 1498 1878 brachii
1521 1827 1770 1881 minuere.

392 1924 415 1965 1
436 1925 482 1965 1.
566 1910 734 1967 Reste
784 1912 1061 1966 constituta
1108 1910 1212 1965 hoc
1254 1910 1425 1964 modo
1476 1911 1682 1967 bilance
1712 1955 1726 1982 ‚
1773 1913 1907 1973 binis

233 1996 467 2053 lancibus
509 1997 855 2071 imponantur
890 1998 1042 2053 binae
1066 1997 1252 2051 vnciae
1281 1997 1657 2053 accuratiffime
1679 2000 1784 2053 iam
1814 2019 1897 2056 ae-

235 2084 544 2157 quilibratae
576 2129 590 2156 ‚
623 2098 675 2140 et
704 2086 1012 2141 obseruetur
1048 2097 1229 2138 Vtrum
1266 2083 1442 2139 bilanx
1475 2085 1619 2139 recte
1659 2085 1822 2142 adhuc
1857 2088 1910 2146 se

235 2172 457 2242 babeat,
492 2190 558 2227 an
585 2189 720 2227 vero
754 2192 924 2229 vnum
949 2170 1218 2227 brachium
1242 2171 1667 2244 praeponderet,
1695 2175 1840 2246 quod
1865 2176 1904 2231 fi

233 2263 520 2331 posteriuS‚
573 2261 778 2316 indicio
804 2262 905 2330 est,
939 2258 1155 2314 brachia
1182 2260 1410 2332 aequalis
1431 2260 1765 2329 longitudinis
1794 2278 1904 2319 non

237 2348 364 2416 efle,
396 2348 523 2403 hinc
547 2349 982 2421 praeponderans
1014 2345 1283 2401 brachium
1315 2345 1650 2402 abbreuietur
1671 2364 1899 2420 promo-

231 2436 383 2489 tione
409 2433 652 2506 ephippii
675 2453 770 2507 per
795 2437 1038 2492 cochleas
1073 2432 1370 2505 appofitaS‚
1403 2447 1452 2488 et
1477 2435 1760 2506 aequalitas
1784 2454 1902 2507 gra-

229 2522 405 2578 uitatis
431 2521 908 2594 brachiorum‚hac
940 2523 1146 2579 ratione
1172 2538 1271 2593 per
1290 2521 1691 2594 protrufionem
1718 2523 1898 2596 ephip-

227 2610 306 2681 pii*
320 2611 503 2666 vitiata
530 2613 843 2684 corrigatur
860 2629 956 2684 per
987 2607 1235 2665 cochleas
1259 2609 1591 2682 compositas
1616 2626 1709 2681 yn.
1797 2609 1889 2666 Id-

228 2715 328 2770 que
354 2701 686 2753 continuetur
710 2711 818 2755 tam
845 2701 962 2768 diu,
1011 2698 1187 2754 donec
1227 2695 1409 2751 bilanx
1445 2709 1499 2750 et
1538 2713 1657 2751 cum
1680 2698 1898 2769 impofi-

229 2788 297 2841 tis
320 2787 428 2842 istis
451 2788 728 2842 vnciarum
754 2785 1077 2861 ponderibus
1104 2829 1119 2856 ‚
1167 2797 1221 2839 et
1245 2783 1362 2863 fine·
1390 2782 1500 2839 istis
1529 2825 1543 2853 ‚
1586 2782 1740 2839 situm
1763 2801 1886 2841 eun-

1769 2872 1892 2928 dem
