2393 3590
790 162 798 173 f
830 83 945 144 DE
985 82 1211 147 PENE.
1709 92 1780 169 38
1800 112 1824 152 1

171 244 585 315 commensurata
628 239 734 299 visa
773 239 869 301 est.
955 237 1334 314 Pinguedinem
1375 257 1542 296 neruo
1576 242 1836 302 inclusam

170 347 266 402 esse
293 341 429 407 dixi,
460 331 607 407 quod
627 328 744 383 sane
769 344 798 381 a
825 328 1034 385 nemine
1071 341 1222 384 antea
1259 330 1456 385 dic'tum
1489 330 1629 385 fuisse
1656 350 1838 388 recor·
1868 311 2084 392 ivn-gualo

165 435 273 489 ‘dor
301 448 313 484 :
345 429 393 485 E
417 414 695 476 contrario
720 455 734 482 ‚
769 414 816 468 ci
842 413 1086 473 infensam
1129 433 1190 472 ac
1225 416 1448 473 noxiam
1472 418 1599 486 effe,
1619 416 1840 477 sensum-
1870 397 2074 495 ZZZ?

175 537 281 593 que
304 510 585 579 infringere
606 497 923 556 Anatomici
942 503 1129 558 timere
1152 505 1418 563 videntur.
1507 505 1728 563 Interim
1751 515 1843 564 ve'-

179 620 296 664 mm
337 587 705 671 pinguedinem
746 606 969 662 eamque
1006 592 1281 664 copiosam
1318 589 1592 648 obseruaui
1629 636 1645 663 ,
1693 594 1840 670 post-

179 704 341 761 quam
365 675 571 738 exterius
593 674 928 731 inuolucrum
952 677 1146 748 Nerui,
1168 696 1274 753 quo
1289 679 1410 735 laxe
1439 680 1704 739 inuestitur
1745 682 1841 738 de-

184 778 392 833 metam
413 765 560 820 efflet:
599 757 810 836 Singula
835 763 986 819 enim
1011 765 1295 835 filamenta,
1307 767 1639 842 pinguedinis
1670 772 1838 828 mani·

183 864 307 921 festo
330 853 447 914 folio
469 846 548 903 (eu
576 848 770 905 lamina
794 850 1022 909 obducta
1050 854 1104 907 in
1130 854 1467 927 conspectum
1491 857 1740 928 veniunt,
1782 861 1837 915 in

183 967 276 1022 qua
299 940 501 1000 exilium
521 934 669 990 simul
697 936 1036 992 vasculorum
1076 937 1473 1012 sanguineorum
1499 943 1839 1017 capillamen-

181 1048 230 1092 ta
248 1025 462 1087 distinete
487 1021 655 1078 oculis
686 1036 958 1095 apparent.
1047 1019 1242 1096 Atque
1280 1044 1351 1082 ex
1394 1045 1464 1083 eo
1488 1031 1707 1088 euidens
1733 1034 1830 1103 est,

177 1133 321 1194 quam
340 1112 447 1168 late
472 1108 576 1166 sese
596 1110 851 1166 extendat
871 1110 1194 1183 pinguedinis
1215 1108 1338 1167 vsus
1366 1154 1380 1182 ‚
1414 1131 1545 1186 quae
1574 1134 1698 1175 eum
1724 1119 1839 1177 for·

174 1205 290 1260 rein
324 1199 485 1257 finem
518 1197 758 1273 praefatis
793 1198 898 1254 filis
930 1195 1013 1252 seu
1048 1195 1263 1255 chordis
1290 1200 1501 1256 nerueis
1521 1201 1832 1264 circumfusa

173 1289 265 1361 est,
290 1299 346 1344 vt
366 1301 558 1343 eorum
584 1285 918 1342 flexilitatem
947 1286 1320 1359 incorruptam
1356 1285 1530 1344 seruet
1553 1331 1569 1361 ‚
1617 1291 1832 1366 vimque

171 1378 296 1436 -adeo
312 1372 624 1448 impulsuum
638 1372 1109 1430 vehementiorum
1135 1390 1246 1430 non
1267 1372 1396 1430 nihil
1407 1379 1664 1449 retundat,
1678 1398 1829 1452 prae-

173 1475 464 1536 caueatque‚
498 1478 565 1516 ne
588 1478 748 1518 vnum
771 1461 1105 1518 filamentum
1129 1461 1196 1517 ab
1227 1464 1394 1518 altero
1422 1469 1833 1541 comprimatur..

178 1545 440 1610 Caeterum
463 1549 604 1604 inter
630 1550 899 1623 praedicita
932 1549 1209 1605 filamenta
1243 1549 1519 1620 singularia
1547 1590 1563 1623 ‚
1599 1572 1831 1629 quorum

178 1655 395 1698 numerus
413 1636 467 1692 in
494 1637 734 1694 eiusdem
762 1637 1146 1712 magnitudinis
1173 1639 1342 1692 neruis
1363 1637 1574 1712 semper
1603 1646 1828 1715 aequalis

180 1725 451 1785 obseruatus
474 1725 578 1795 est,
603 1723 750 1798 scil‚(
759 1741 814 1800 9.
845 1738 933 1780 aut
967 1727 1487 1794 10.)commercium
1521 1727 1682 1784 instar
1721 1732 1818 1787 du-

178 1814 332 1871 stuum
355 1812 860 1869 communicantium
892 1831 992 1886 per
1011 1808 1339 1869 transuersos
1362 1814 1622 1872 funiculos
1657 1818 1816 1872 inter-

182 1902 334 1970 cedit,
370 1902 454 1976 qui
488 1918 562 1958 ex
589 1919 700 1958 vno
732 1901 1014 1957 filamento
1040 1901 1180 1956 enati
1206 1943 1221 1970 ‚
1248 1902 1399 1956 alteri
1427 1902 1822 1974 implantantur,

175 1987 355 2062 hacque
381 1990 592 2047 ratione
624 2004 802 2062 prope
829 1988 1194 2045 canalicularis
1223 1987 1539 2063 struitur-ae,
1559 1987 1822 2067 (adeoque

179 2074 400 2147 influxus)
416 2077 621 2134 idaeam
649 2075 1046 2133 subministrant.

302 2163 457 2222 Nunc
482 2165 546 2221 de
571 2166 728 2221 trium
751 2164 1024 2239 insignium
1047 2179 1344 2219 neruorum
1366 2163 1518 2240 super
1539 2166 1703 2223 dorso
1726 2184 1820 2240 pe.

176 2248 246 2305 nis
261 2244 687 2310 deambulantium
712 2251 1052 2325 dispositione
1068 2251 1365 2307 admodum
1392 2253 1592 2310 curiosa
1614 2268 1668 2310 et
1689 2272 1822 2310 ane·
1847 2248 1967 2300 Tres
2003 2257 2112 2304 insi-

178 2335 569 2412 mineindicata,
595 2340 879 2397 dicendum
904 2339 1000 2400 est.
1088 2338 1162 2395 Et
1187 2339 1405 2411 quidem
1431 2383 1447 2414 ‚
1489 2343 1635 2416 quod
1664 2360 1820 2418 prae·
1844 2334 1946 2376 ἕω
1983 2326 2113 2371 nemi.

177 2419 327 2480 fatum
347 2444 617 2485 numerum
639 2429 928 2485 ternarium
953 2425 1141 2483 attinet
1157 2462 1174 2495 ‚
1215 2427 1296 2484 diu
1321 2424 1488 2528 fateor
1514 2467 1532 2500 ‚
1578 2429 1633 2485 in
1657 2447 1719 2486 ea
1743 2448 1817 2488 o-

176 2509 369 2580 pinione
383 2511 484 2587 fui,
515 2533 578 2572 ac
602 2518 640 2575 fi
668 2518 774 2572 duo
796 2528 1004 2571 tantum
1019 2515 1195 2585 nerui,
1218 2530 1353 2573 vnus
1374 2516 1520 2590 super
1542 2520 1813 2590 dextrum,

182 2593 296 2648 alter
326 2597 467 2672 super
502 2603 752 2661 sinistrum
788 2618 986 2676 corpus
1014 2619 1220 2659 nerueo
1257 2599 1596 2678 spongiosum
1632 2643 1646 2673 ‚
1684 2607 1812 2678 peni

179 2685 375 2754 proprii
396 2690 571 2764 efferat,
600 2703 771 2768 prout
801 2689 939 2763 apud
974 2684 1349 2748 Anatomicos
1380 2706 1658 2767 receptum
1686 2695 1754 2749 est
1800 2711 1814 2749 t

867 2774 1018 2836 Bbb
1074 2789 1107 2852 3
1710 2776 1820 2840 Sed

1863 1075 2066 1136 Eiusdem

1862 1148 1980 1205 vsus.
