2393 3590
589 208 1173 274 ALTITUDINIS
1206 210 1412 277 Pom.
1707 231 1837 303 497

340 370 549 436 Eodem
577 370 866 444 quadrante
891 368 1165 426 observavi
1189 386 1393 445 quoque
1418 371 1508 429 sub
1533 370 1694 430 finem
1725 378 1846 435 anni

200 471 266 538 17
276 462 349 523 28
387 504 402 532 ,
443 474 493 515 et
527 459 672 513 initio
710 459 825 511 anni
857 457 1111 530 sequentis
1149 472 1426 533 utramque
1448 460 1616 516 stellae
1640 464 1846 536 polaris

183 552 504 607 altitudinem
533 544 879 601 meridianam
906 581 921 612 ‚
962 546 1109 617 quod
1138 547 1349 618 quidem
1384 550 1649 622 hucusque
1670 550 1845 608 facere

181 655 292 694 non
314 649 562 709 poteram
587 631 659 684 ob
684 630 884 685 diversa
903 634 1301 704 impedimenta,

322 719 447 777 Hae
467 720 573 774 sunt
596 717 995 773 observationes
1020 735 1212 775 omnes
1235 719 1520 792 posteriori
1536 723 1641 778 hoc
1670 724 1844 781 instru-

186 823 369 867 mento
394 808 589 869 saitae,
621 821 741 877 quas
766 823 902 860 nunc
926 804 1218 861 recensebo
1246 820 1498 881 tanquam
1523 812 1695 881 magis
1717 811 1838 868 ido-

187 915 313 952 neas
337 896 400 951 ad
425 892 533 966 poli
557 892 887 949 altitudinem
918 895 1111 949 certius
1138 894 1491 951 definiendam
1522 897 1574 951 in
1601 895 1844 953 observa-

186 987 331 1039 torio
365 979 629 1052 imperiali
653 1021 666 1046 ‚
706 980 756 1033 in
797 996 903 1052 quo
932 979 1030 1037 hae
1057 998 1246 1038 omnes
1267 983 1571 1056 postremae
1596 983 1846 1042 observa-

188 1073 356 1125 tiones
378 1067 579 1125 habitae
604 1064 732 1124 sunt,

984 1164 1034 1226 I.

188 1271 586 1385 Defiriptio
637 1273 932 1352 maioris
966 1268 1456 1391 gemmantis
1509 1275 1846 1359 methodi-

323 1431 452 1517 que
482 1429 609 1514 quo
632 1395 961 1504 usicsfhm
987 1407 1063 1481 in
1090 1430 1164 1480 eo
1191 1400 1624 1510 verificando

336 1566 573 1623 Uadrans
593 1565 749 1617 trium
779 1565 977 1635 pedum
1004 1565 1053 1619 in
1080 1566 1237 1621 radio
1266 1603 1281 1634 ‚
1318 1583 1426 1639 quo
1457 1568 1570 1626 usus
1597 1567 1707 1624 sum
1729 1572 1849 1643 post

374 1647 578 1708 Fratris
601 1650 703 1704 mei
732 1649 938 1707 abitum
962 1652 1251 1724 hucusque,
1279 1652 1514 1709 Londini
1540 1656 1855 1714 fabrefadtus

192 1743 266 1798 est
298 1762 325 1797 a
356 1739 392 1793 I.
418 1736 650 1807 Rowley
680 1774 693 1804 ‚
747 1739 813 1792 ad
848 1740 1067 1793 modum
1096 1739 1346 1794 sextantis
1372 1742 1512 1796 cuius
1537 1742 1848 1816 descriptio-

189 1846 312 1885 nem
349 1840 399 1880 et
430 1823 837 1877 delineationem
878 1826 1018 1879 dedit
1052 1820 1409 1881 Flamstedius
1437 1828 1488 1882 in
1513 1829 1671 1883 tertia
1692 1843 1850 1903 parte

189 1912 442 1969 Historiae
474 1909 587 1965 suae
621 1911 863 1965 coelestis
893 1929 1003 1966 non
1029 1915 1116 1966 ,ita
1153 1912 1364 1984 pridem
1397 1916 1450 1968 in
1483 1915 1762 1987 publicum
1797 1933 1850 1971 e-

189 2003 373 2057 miffae.

320 2086 535 2143 Praeter
563 2084 749 2141 tubum
787 2085 1019 2142 alterutri
1043 2085 1263 2143 laterum
1286 2089 1584 2159 quadrantis
1609 2089 1849 2162 affixum,

191 2174 319 2229 alter
358 2176 490 2228 circa
527 2187 770 2228 centrum
800 2174 1103 2245 quadrantis
1139 2175 1345 2229 mobilis
1371 2177 1574 2235 aderat.
1664 2178 1852 2233 Mobi-

190 2260 252 2316 lis
275 2261 423 2316 tubus
445 2259 755 2316 inserviebat
778 2260 1137 2317 altitudinibus
1156 2263 1424 2317 astrorum
1445 2264 1732 2334 capientis,
1748 2281 1842 2318 “³0-

191 2348 288 2402 sito
326 2349 460 2420 prius
495 2348 842 2404 instrumento
879 2349 932 2403 in
970 2348 1122 2403 situm
1153 2350 1458 2404 verticalem
1486 2367 1595 2421 ope
1630 2369 1640 2420 ᾗ
1668 2367 1852 2423 erpn-

192 2434 344 2488 dicnli
385 2453 450 2492 ex
488 2450 678 2489 centro
713 2452 806 2506 per
845 2436 1109 2490 divisionis
1141 2436 1340 2490 initium
1380 2438 1669 2507 pendentis,
1761 2437 1852 2493 Sic

188 2521 343 2576 tubus
367 2520 568 2577 mobilis
590 2523 654 2577 ad
684 2522 805 2576 astri
820 2521 1134 2577 observandi
1152 2524 1476 2578 altitudinem
1504 2523 1853 2597 dirigebatur,

189 2604 404 2663 Poterat
431 2621 600 2665 autem
635 2609 791 2665 tubus
822 2609 1121 2666 admodum
1159 2611 1295 2665 lente
1320 2611 1535 2665 moveri
1561 2627 1669 2682 ope
1695 2613 1853 2667 coch-

189 2692 303 2748 leae
327 2698 558 2765 perennis
601 2695 843 2754 dentibus
870 2697 1083 2756 insertae
1111 2699 1199 2770 qui
1239 2698 1564 2752 extremitati
1594 2699 1744 2753 limbi
1775 2702 1851 2754 in-

192 2780 278 2834 cisi
302 2778 426 2841 sunt.

192 2863 338 2924 Tom.
363 2868 428 2925 1-1.
1012 2869 1064 2928 R
1093 2887 1158 2928 rr
1705 2871 1850 2928 Lim-
