2393 3590
1020 173 1126 260 022}ss
1160 183 1179 250 (
1223 174 1340 240 180
1374 175 1390 254 )
1430 171 1536 257 ›23‹-

543 339 696 422 DE
754 335 960 417 VSV
1046 329 2050 417 INTERPOLATIONIS

643 490 737 552 IN
825 487 1430 551 SOLSTITIORVM
1516 484 1952 548 MOMENTIS

1029 600 1568 667 INDAGANDIS

1149 767 1471 847 Auctore

1005 926 1085 1004 F.
1144 927 1235 1005 C.
1285 926 1601 1008 Maiero.

167 1177 239 1226 M.
262 1176 392 1235 Sept.
805 1135 1004 1194 Ifficilis
1028 1151 1080 1193 et
1099 1156 1292 1213 anceps
1317 1139 1382 1195 ab
1410 1135 1773 1196 Astronomis
1801 1142 2015 1199 iudicari
2046 1142 2126 1200 so-

239 1257 366 1304 1727·
858 1226 927 1280 let
970 1225 1311 1281 solstitiorum
1355 1228 1587 1280 inuentio
1624 1249 1642 1296 3
1675 1247 1796 1282 nam
1825 1231 1898 1283 ob
1936 1231 2131 1286 insensi-

866 1314 1027 1367 bilem
1061 1310 1172 1365 fere
1213 1310 1622 1366 declinationum
1666 1313 1989 1370 solstitialium
2020 1334 2134 1370 mu-

569 1427 572 1431 ·
737 1393 739 1396 ’
856 1401 1114 1453 tationem
1133 1440 1146 1466 ‚
1168 1399 1428 1451 incertum
1454 1399 1524 1452 est
1546 1435 1559 1464 ‚
1593 1415 1696 1469 quo
1720 1402 1802 1453 die
1826 1415 1878 1454 et
1891 1417 2133 1454 momen-

475 1510 533 1552 to
568 1496 644 1552 s01
682 1500 733 1552 jn
770 1488 1003 1549 maxima
1039 1483 1393 1539 declinatione
1435 1485 1688 1538 extiterit.
1785 1484 2018 1541 Hallcius
2056 1501 2135 1539 ta-

479 1600 606 1636 men
630 1582 853 1638 modum
895 1571 1221 1643 excogitauit
1258 1612 1272 1640 ‚
1332 1585 1434 1640 quo
1473 1569 1813 1625 solstitiorum
1851 1584 2129 1627 momenta

478 1671 663 1722 certius
700 1668 1020 1737 deteguntur
1053 1675 1207 1729 quam
1247 1656 1311 1709 :ib
1340 1655 1457 1710 aliis
1494 1674 1724 1728 vnqmm
1762 1655 1952 1712 factum
1977 1657 2072 1709 fuit
2102 1677 2114 1711 t

471 1754 602 1827 (vid,
635 1754 707 1810 D.
737 1747 906 1823 Greg.
945 1745 1116 1800 Elem.
1154 1741 1302 1801 Astr.
1339 1763 1390 1816 P.
1426 1755 1564 1796 221.
1596 1740 1726 1814 eto)
1809 1741 2049 1813 Contigit
2081 1756 2135 1795 et

474 1840 605 1894 mhi
637 1855 799 1894 vnum
834 1839 1126 1892 alterumue
1170 1830 1396 1885 modum
1441 1827 1771 1884 comminisci
1799 1829 1940 1898 queis
1962 1826 2134 1882 forsan

476 1929 620 1996 pan-{a
648 1924 912 1998 praestare
939 1920 1076 1971 licet.
1163 1914 1367 1970 Primus
1382 1917 1560 1968 nititur
1580 1916 2007 1985 interpolationis
2023 1931 2135 1967 me-

480 2013 648 2066 thodo
674 2030 700 2065 a
725 2009 987 2066 Neutono
1023 2003 1217 2056 tradita
1251 2002 1379 2068 (vid.
1411 1997 1502 2059 Pr„
1536 2001 1614 2055 Ph
1672 1997 1749 2056 N.
1784 2021 1832 2073 p.
1865 2018 1934 2053 m.
1961 1998 2140 2076 446.)

481 2116 640 2170 quem
692 2110 743 2150 et
778 2094 885 2147 hoc
920 2090 1112 2158 scripto
1149 2103 1426 2156 exponere
1463 2088 1722 2140 constitui.
1827 2083 1968 2141 Cum
2006 2101 2136 2138 vero

484 2184 761 2238 theorema
777 2175 1020 2238 Neutoni
1050 2172 1114 2226 ad
1146 2171 1298 2224 aliam
1328 2171 1559 2224 formam
1588 2172 1901 2240 redegerim,
1936 2186 2139 2240 oppor-

482 2285 660 2325 tunum
680 2266 815 2323 mihi
840 2266 1007 2319 vilum
1036 2259 1108 2312 est
1135 2271 1309 2310 totam
1336 2254 1681 2326 interpolandi
1705 2257 1997 2310 doctrinam
2014 2273 2141 2310 meo

488 2373 645 2410 more
669 2355 895 2408 breuiter
919 2341 1191 2401 recensere
1212 2345 1374 2414 prins,
1421 2342 1567 2411 eique
1603 2340 1947 2415 superstruere
1982 2342 2142 2396 solsti-

489 2442 684 2494 tiorum
735 2437 1101 2493 inuentionem.
1203 2426 1467 2484 Alterum
1513 2430 1733 2484 modum
1767 2445 1924 2500 quem
1964 2430 2141 2502 reperi

496 2525 596 2579 alio
623 2540 873 2598 tempore
901 2515 1310 2574 communicabo
1331 2529 1556 2588 quoque.

1993 2690 2141 2767 Ca-
