2393 3590
553 54 1358 139 GENERAERELATAE.
1719 104 1834 168 371

187 257 313 303 vel-0
336 230 694 305 angustissima.
781 227 885 288 His
905 247 1012 287 uon
1042 231 1369 293 obstantibus
1385 237 1487 295 huc
1507 237 1707 298 referre
1721 263 1831 303 ma-

191 333 255 387 jus
285 339 437 397 quam
488 336 687 374 nouum
724 315 986 374 fabricare
1016 337 1175 392 genus
1193 359 1208 390 ‚
1243 316 1484 395 inprimis
1514 330 1634 400 quia
1659 328 1827 390 Crista

185 412 409 471 Pauonis
431 407 667 462 nondum
703 402 984 474 specierum
1014 409 1341 466 multitudine
1375 411 1600 470 laborat.
1689 418 1816 477 No-

179 503 284 557 stra
320 492 463 551 Tab.
495 489 722 548 XXIV.
755 489 970 557 exhibet
990 491 1251 567 rar'snulum
1281 515 1403 554 cum
1432 499 1570 558 foliis
1595 504 1817 561 minori-

185 586 283 641 bus
310 579 531 656 (maiora
555 578 692 632 enim
717 578 948 647 angustia
968 581 1176 641 tabulae
1197 601 1308 641 non
1345 587 1503 665 capit)
1536 603 1590 645 et
1627 591 1825 666 siliquis

182 667 482 728 iunioribus,

324 749 564 825 Equisetis
620 751 876 808 accensuit
907 748 1167 826 Breynius
1197 757 1432 830 plantam
1479 759 1822 839 Africanam,

184 861 310 918 quae
336 838 423 912 ipsi
441 831 729 910 Equisetmn
755 840 975 896 iunceum
1000 842 1298 914 m‘grinodum
1332 847 1520 923 Capitis
1542 853 1689 910 bonae
1689 854 1824 929 spei,

187 949 248 987 an
273 920 527 982 Arundinis
536 925 830 994 gramineae
867 927 1129 983 aculeatae
1162 932 1331 1006 Aspim·
1338 953 1500 1008 genus
1524 934 1545 992 ἓ
1590 940 1828 999 Pertinet

179 1017 346 1091 potius
365 1010 431 1065 ad
453 1004 804 1065 Gramineum
832 1026 996 1080 genus
1016 1029 1169 1083 quam
1189 1019 1254 1071 ad
1281 1021 1519 1092 Equiseta
1552 1030 1827 1099 quodiam

179 1100 439 1171 suspicatus
464 1098 536 1152 est
560 1097 740 1155 Raius,
831 1095 1039 1154 Nostra
1071 1098 1241 1168 figura
1277 1106 1484 1174 profert
1506 1129 1711 1169 ramum
1742 1135 1825 1173 ca-

171 1185 333 1262 pitulis
357 1184 534 1240 multis
560 1183 838 1256 squamofis
858 1184 1107 1257 spadiceis
1127 1189 1384 1246 onustum.
1470 1196 1646 1253 Potest
1666 1205 1825 1258 refer-

170 1274 214 1330 ri
239 1273 302 1328 ad
338 1269 584 1344 Scirpum
612 1272 749 1327 cuius
768 1272 1030 1342 peculiare
1052 1288 1214 1349 genus
1239 1275 1589 1337 subalternum
1627 1290 1824 1344 consti-

169 1361 268 1415 tuit.
306 1358 534 1411 Dicatur
554 1359 726 1427 itaque
749 1353 963 1429 Scirpus
985 1355 1258 1432 Africanus
1272 1363 1508 1442 Equiseti
1535 1367 1683 1440 foliis.
1714 1376 1819 1430 vid.

172 1443 306 1502 Tab.
329 1443 533 1502 XXV.
622 1435 767 1498 Cum
790 1444 899 1498 hoc
920 1443 1062 1502 idem
1082 1449 1289 1507 videtur
1319 1453 1508 1510 Iuncus
1532 1453 1819 1531 Africanus

178 1529 329 1604 lignoso
359 1530 549 1586 calamo
576 1529 649 1584 ad
676 1529 827 1586 nodos
849 1531 1117 1588 inuolucris
1136 1537 1290 1610 nigris
1315 1542 1690 1617 circumuoluto,
1717 1560 1812 1626 pa-

183 1617 328 1673 nicula
359 1615 706 1673 arundinacea
742 1634 809 1672 ex
841 1615 999 1678 Prom.
1034 1620 1186 1680 honae
1188 1623 1301 1701 spei
1319 1625 1460 1686 Pluk.
1488 1628 1675 1690 Mant.
1758 1636 1822 1693 In

181 1703 278 1764 hoc
297 1704 461 1782 scirpo
489 1704 651 1762 habes
674 1705 865 1765 nodos,

923 2695 1074 2757 Aaa
1111 2714 1150 2760 2
1704 2708 1815 2768 DE
