2393 3590
642 102 1264 166 CAPILLARIBVS.
1637 126 1763 186 279

111 289 224 327 eam
254 257 611 326 alftudinem,
650 260 716 315 ad
751 278 905 333 quam
944 262 1238 317 eleuaretur
1273 263 1326 317 in
1362 262 1490 318 tubo
1520 262 1763 337 ampliori

109 351 404 426 cylindrico
432 347 537 417 3ssu
565 365 689 419 pars
714 349 939 421 amplior
961 349 1129 405 mersa
1150 350 1322 420 fuerit,
1356 352 1528 406 omnis
1551 351 1606 406 in
1629 351 1761 408 tubo

105 436 214 496 DC
238 433 465 506 suspensa
487 435 720 490 haerebit
743 452 888 507 aqua.

262 517 374 567 Hic
400 521 584 571 eadem
622 523 697 575 est
734 519 1034 593 superficies
1058 521 1456 594 attrahen5,non
1484 524 1657 581 solum
1683 540 1766 580 ae·

107 600 273 675 qualis
295 641 309 667 ,
352 610 398 651 et
425 593 775 652 diuerfimode
799 611 1079 666 constituta
1103 629 1116 666 ε
1145 608 1255 667 Cur
1278 610 1432 685 igitur
1453 612 1508 666 in
1532 627 1641 667 vno
1670 627 1756 666 ca-

107 690 158 745 su
180 687 354 742 Omnis
373 679 693 751 suspenditur
716 701 876 755 aqua,
902 686 955 740 in
982 695 1151 742 altero
1179 713 1291 750 non
1307 700 1437 754 item
1460 693 1483 751 ζ

267 761 508 828 XLVII.
553 764 787 844 Praestat
815 771 971 842 igitur
992 770 1272 844 hypothesi
1299 782 1461 843 prieti
1481 783 1767 842 Iustiniana,

115 877 245 938 quae
268 870 316 913 et
341 853 725 927 suspensionem
752 873 915 926 aquae
938 859 1128 929 repetit
1150 857 1214 913 ab
1231 858 1530 914 attraffione
1543 875 1626 927 ea,
1642 875 1772 931 quae

114 951 182 1008 fit
205 963 230 1002 a
251 943 349 999 sola
369 939 669 1012 superficiei
690 941 957 1011 supremae
979 943 1299 1014 peripheria,
1313 958 1365 1000 et
1379 946 1420 1000 e}
1432 946 1725 1000 euationem
1743 962 1774 1001 a

112 1031 356 1111 proxime
377 1027 639 1096 contigua.
683 1023 854 1083 Primo
877 1028 933 1081 id
955 1030 1141 1082 rationi
1165 1032 1335 1101 magis
1355 1033 1620 1101 conuenit,
1645 1032 1774 1088 haec

113 1121 252 1176 enim
281 1114 386 1171 sola
411 1114 532 1169 tubi
562 1130 685 1186 pars
711 1113 816 1182 est,
850 1132 879 1168 a
900 1130 1002 1186 qua
1029 1113 1291 1169 subsidens
1313 1116 1483 1187 liquor
1506 1130 1774 1173 teneretur

110 1197 392 1265 recedere?
418 1201 621 1267 sola,ad
645 1218 801 1272 quam
826 1200 1110 1257 ascendens
1132 1201 1308 1273 liquor
1342 1203 1549 1257 accedit
1580 1206 1767 1275 proxi-

107 1307 194 1347 me
220 1287 361 1343 :sola
384 1289 537 1362 igitur
571 1330 587 1358 ,
645 1304 777 1360 quae
808 1288 916 1344 vim
937 1286 1078 1344 suam
1103 1290 1416 1345 attradtiuan'-
1464 1305 1681 1345 exerere
1704 1292 1771 1345 ad

101 1375 523 1431 sustentationem
552 1391 715 1446 aquae
732 1377 817 1430 vel
839 1375 1187 1432 eleuationem
1212 1370 1627 1447 nouam'potest.
1679 1372 1775 1432 Se-

105 1461 255 1519 cundo
301 1459 547 1518 mensuris
582 1459 875 1534 respondet.
961 1461 1175 1518 Infinita
1226 1461 1341 1520 sunt
1386 1462 1774 1537 phaenomena,

104 1566 238 1623 quae
275 1548 466 1604 docent
515 1547 842 1605 altitudinem
872 1550 1187 1605 eleuationis
1216 1551 1400 1625 respor
1414 1551 1538 1605 dere
1572 1551 1775 1606 diame-

104 1650 195 1691 tro
220 1679 234 1706 ‚
271 1638 507 1709 adeoque
545 1649 598 1690 et
639 1637 970 1709 peripheriae
994 1637 1289 1709 superficiei
1312 1638 1608 1712 supremae,
1642 1654 1768 1691 cum

104 1725 172 1778 de
197 1740 326 1796 aqua
354 1725 642 1796 quaeritur,
661 1736 717 1777 et
741 1723 986 1793 infimae,
1009 1739 1133 1778 cum
1169 1723 1236 1777 de
1257 1741 1381 1781 mei:¹
1400 1725 1774 1792 ·urio·‚vtrum-

104 1826 210 1882 que
240 1813 343 1880 ita,
372 1824 429 1865 vt
465 1809 764 1865 altitudines
788 1810 886 1866 sint
926 1809 1157 1878 inuerse‚
1187 1824 1238 1865 et
1264 1812 1580 1883 quarxssitates
1608 1827 1773 1882 aquae

102 1897 186 1951 vel
208 1898 453 1953 mercurii
478 1894 696 1967 suspensi
721 1895 772 1950 in
797 1896 992 1951 tubulis
1017 1897 1324 1968 cylindricis
1347 1899 1540 1954 diredte
1564 1899 1635 1951 vti
1662 1897 1771 1951 dia-

99 1984 275 2044 metri,
365 1979 591 2055 Accipe
611 1984 1041 2052 experimentum
1067 1984 1190 2039 Viri
1209 1985 1404 2038 eximii.

332 2083 442 2148 44.
533 2066 616 2124 Sit
638 2066 803 2126 EDC
831 2069 983 2124 tubus
1007 2082 1155 2141 parte
1186 2071 1436 2144 ampliori
1463 2083 1513 2126 et
1544 2068 1770 2139 striCtio-
1799 2100 1874 2161 Ph
1907 2126 1965 2164 en
2036 2140 2042 2147 Ι

101 2156 149 2212 ri
174 2156 480 2227 instruetu53
520 2156 739 2210 denotet
760 2153 877 2216 AF
910 2156 1235 2211 altitudinem
1268 2158 1603 2226 eleuationis‚
1641 2173 1772 2225 quae
1873 2128 1906 2166 a
1972 2124 2082 2173 '44'

100 2242 394 2317 respondet
416 2242 550 2315 parti
577 2243 826 2299 strietiori
842 2281 857 2312 ,
893 2256 947 2298 et
973 2239 1075 2298 GB
1100 2244 1420 2300 altitudinem
1449 2243 1768 2315 capillarem

103 2330 210 2386 tubi
235 2330 542 2402 amplioris:
572 2326 644 2384 Sit
670 2342 843 2385 autem
871 2327 983 2387 DC
1008 2333 1210 2401 mium,
1236 2349 1394 2404 quam
1418 2329 1550 2391 AF.
1614 2331 1763 2388 Mer·
1810 2333 1852 2382 F
1856 2337 1913 2397 ig.
1955 2338 2078 2390 XII.

108 2430 257 2489 gatur
279 2418 385 2472 tubi
411 2417 680 2473 orificium
716 2417 942 2488 amplius
970 2454 985 2483 ‚
1033 2430 1085 2473 et
1107 2419 1392 2490 impleatur
1416 2418 1570 2475 tubus
1597 2420 1666 2474 ad
1702 2417 1774 2474 al-

109 2504 384 2560 titudinem
410 2504 676 2560 maiorem
703 2521 863 2576 quam
890 2499 1020 2574 GB,
1043 2504 1322 2562 descendet
1345 2524 1476 2578 aqua
1507 2507 1773 2578 quampri=

111 2602 259 2641 mum
293 2590 458 2646 libera
484 2591 581 2646 erit
605 2633 620 2660 ‚
659 2606 829 2664 Vsque
854 2592 920 2645 ad
943 2591 1266 2650 altitudinem
1293 2589 1399 2649 GR
1434 2594 1584 2666 supra
1607 2592 1767 2646 libel-

113 2670 234 2726 lam·
316 2676 590 2751 Mergatur
620 2675 804 2758 ¹denuo
839 2677 992 2735 tubus
1025 2720 1040 2749 ⁷
1083 2693 1141 2736 vt
1172 2696 1302 2756 aqua
1329 2680 1541 2751 attingat
1561 2691 1773 2754 partem

1628 2765 1773 2823 futu„
