2393 3590
483 73 1027 143 PLANTARVM
1080 54 1442 146 GENERA.
1705 55 1836 174 34³5

174 259 286 311 tae,
315 253 444 314 quae
470 247 626 289 notae
651 230 823 305 ipsum
853 249 878 288 a
907 235 1301 307 conge-neribus
1324 237 1432 295 satis
1455 239 1727 298 euidenter
1753 242 1824 297 se·-

211 339 374 387 arant.

158 351 205 412 'p
307 411 499 469 Caules
525 408 722 482 profert
743 409 829 465 hic
855 408 1152 487 Lupinaster
1171 411 1440 486 semipede
1468 414 1701 488 altiores,
1724 435 1833 475 uon

67 552 71 559 .
166 518 294 557 raro
319 498 564 572 pedales,
600 498 861 552 rotundos
886 511 936 552 et
960 500 1196 571 striatos,
1219 502 1408 557 virides
1430 538 1446 572 ‚
1489 509 1654 574 paruis
1676 508 1834 562 ramis

170 605 239 644 ex
278 588 368 644 alis
401 586 652 641 foliorum
678 585 1068 658 egredientibus
1104 589 1383 660 praeditos
1480 587 1634 649 Folia
1657 594 1829 667 longa,

168 689 324 731 acute
364 671 594 740 serrata,
636 670 820 741 glauca
855 715 870 742 ‚
935 690 1045 728 non
1081 687 1263 731 tamen
1286 674 1519 743 hirsuta,
1566 675 1834 753 eleganter

167 763 344 816 striata
365 770 418 813 et
442 759 627 827 rigida.
717 754 974 831 Quinque,
1007 760 1124 830 sex,
1155 762 1386 834 septem,
1413 764 1529 816 imo
1560 766 1711 836 plura
1740 766 1821 821 di-

169 849 412 921 gitatim‚
450 845 600 900 instar
622 845 873 900 foliorum
911 844 1146 917 Lupini,
1190 852 1468 905 communi
1504 853 1718 908 insident
1740 871 1832 926 pe-

169 935 348 990 diculo
383 931 531 987 breui
576 973 590 1002 ‚
650 948 720 986 ex
758 932 945 1004 vagina
978 933 1207 989 sublutea
1242 939 1441 993 caulem
1478 940 1833 1011 amplectente

166 1022 484 1096 prodeunte,
601 1018 663 1074 In
703 1016 909 1073 summo
937 1020 1082 1074 caule
1106 1034 1159 1075 et
1187 1023 1398 1077 ramulis
1428 1020 1701 1082 nascuntur
1736 1029 1839 1083 fio,

164 1125 248 1164 res
269 1123 545 1179 purpureo
565 1104 795 1160 coerulei
818 1106 869 1159 in
891 1107 1168 1184 capitulum
1196 1108 1432 1175 collem,
1469 1115 1650 1168 exacte
1675 1116 1835 1170 flores

167 1195 381 1251 Trifolii
418 1192 718 1249 bituminosi
744 1189 1033 1248 reserentes
1068 1237 1082 1262 ,
1126 1193 1378 1266 pediculis
1420 1199 1710 1254 vncialibus
1751 1216 1836 1257 aut

164 1281 498 1353 longioribus
522 1281 783 1335 sustentati
810 1291 863 1334 et
897 1281 1085 1352 calyce
1106 1282 1158 1335 in
1191 1279 1358 1336 multa
1385 1278 1659 1354 segmenta
1683 1300 1834 1342 acuta

163 1367 316 1422 sciffo
344 1367 579 1435 excepti.
669 1361 966 1435 Sequuntur
991 1368 1201 1439 siliquae
1225 1366 1421 1442 longae
1443 1370 1739 1443 depressae,
1760 1373 1836 1429 se-

162 1452 396 1512 minibus
419 1447 791 1506 renisormibus
821 1454 975 1522 nigris
1002 1454 1256 1527 repletae.
1344 1453 1555 1513 Crescit
1575 1459 1701 1515 haec
1717 1461 1827 1516 ele-

165 1558 293 1617 gans
316 1538 500 1612 planta
522 1537 588 1593 ad
614 1537 753 1610 ripas
781 1539 1022 1613 Wolgae
1046 1542 1186 1595 intra
1212 1538 1579 1601 Astrakanum
1617 1560 1669 1603 et
1688 1547 1823 1605 Cza-

160 1625 480 1697 rizinam,ob
506 1623 890 1680 similitudinem
919 1644 1038 1682 cum
1060 1628 1274 1709 Lupino
1300 1630 1406 1686 boc
1431 1649 1634 1689 nomen
1655 1637 1832 1709 impo-
1902 1638 1907 1645 “

160 1733 289 1774 nere
311 1714 527 1787 placuit.
549 1712 662 1771 vid.
681 1711 828 1770 Tab.
852 1713 995 1772 XX.

316 1796 565 1874 Poliifolia
608 1800 816 1856 tertium
869 1800 1130 1858 constituit
1189 1822 1348 1879 genus
1403 1816 1656 1881 notasque
1703 1811 1839 1883 gerit

167 1885 359 1949 Flores
386 1889 768 1964 monopetalos
803 1888 1254 1961 campaniformes
1292 1892 1550 1962 globosos
1578 1911 1630 1950 et
1652 1895 1830 1971 capsu-

161 1980 268 2036 lam
289 1981 338 2033 in
364 1977 592 2049 quinque
621 1975 985 2032 loculamenta
1015 1978 1233 2033 diuisam
1264 2013 1280 2046 ,
1330 1979 1607 2038 seminibus
1636 1982 1834 2040 foetam

160 2064 500 2123 subrotundis.
586 2063 656 2119 Et
676 2076 734 2118 vt
759 2063 990 2119 breuiter
1016 2065 1278 2134 dicamUS‚
1309 2063 1576 2125 Poliifolia
1594 2071 1668 2125 est
1691 2072 1837 2146 plan*

162 2166 238 2209 tae
266 2169 430 2229 genus
456 2152 597 2208 flore
623 2146 826 2206 Arbuti
856 2187 870 2217 ,
897 2149 1057 2208 fructu
1082 2149 1221 2209 Cisti.

306 2239 535 2297 Mutuati
568 2236 733 2294 fi1mus
758 2234 1054 2293 Poliifoliae
1081 2256 1282 2295 nomen
1309 2257 1378 2295 ex
1401 2239 1447 2300 Ι.
1475 2240 1725 2298 Bauhino
1754 2288 1766 2313 ‚
1811 2263 1839 2302 a

170 2342 264 2398 quo
292 2326 425 2382 haec
449 2326 628 2398 planta
646 2338 865 2379 vocatur
902 2323 1029 2380 Viti
1051 2325 1217 2382 Ideae
1255 2327 1416 2402 affinis
1438 2325 1691 2403 Foliisolia
1706 2348 1837 2387 mon-

175 2419 304 2474 tana,
395 2410 458 2468 A
487 2413 624 2470 Raio
646 2412 699 2466 in
724 2410 948 2486 Synops.
975 2413 1170 2467 dicitur
1192 2413 1617 2489 Ledumpalzssre
1635 2415 1837 2488 nostras

170 2496 287 2567 flore
322 2495 526 2556 Arhuti
547 2540 563 2568 ,
610 2498 706 2554 vbi
748 2498 884 2554 haec
922 2501 1104 2573 planta
1141 2502 1349 2575 optime
1375 2501 1710 2573 describitur,
1746 2507 1837 2561 cui

190 2579 497 2658 descriptioni
532 2602 633 2640 nos
673 2587 917 2641 addimus
954 2589 1189 2659 petiolos
1231 2588 1399 2644 flores
1438 2588 1744 2647 sustinentes
1784 2605 1838 2648 et

193 2667 414 2738 calycem
433 2673 654 2730 breuem
677 2673 901 2733 floribus
925 2676 1025 2731 effe
1053 2675 1371 2731 concolores
1402 2718 1417 2746 ‚
1474 2675 1583 2732 hoc
1621 2680 1691 2735 est
1719 2678 1827 2732 ele-

190 2742 403 2816 Tom.11.
1004 2762 1063 2818 X
1080 2776 1121 2817 x
1713 2779 1839 2837 gan-
