2393 3590
532 211 646 286 138
931 206 1046 269 DE
1093 204 1371 268 CVRVA
1409 203 1870 268 TAVTOCHR.

523 349 601 422 fili
622 364 838 421 direffio
874 365 962 421 fibi
983 364 1191 435 semper
1217 362 1500 435 paranda,
1547 364 1780 435 adeoque
1795 363 2016 420 habetur
2043 363 2180 419 casus

518 454 673 525 prior
697 494 710 520 ‚
757 466 863 520 quo
897 455 1106 506 inuenta
1136 463 1251 504 erat
1287 449 1383 506 CP
1411 450 1617 522 semper
1655 451 1917 506 constans,
2004 449 2184 505 Posito

523 538 666 593 enim
715 554 746 591 a
770 536 974 594 infinito
1002 580 1016 606 ‚
1075 536 1242 590 abibit
1279 531 1329 588 V
1357 534 1566 610 (aa—tt)
1594 537 1643 590 in
1693 554 1724 592 a
1758 551 1811 591 et
1854 536 2185 592 obt'nebitur

512 649 623 713 p:
652 620 757 726 aiz,
788 656 860 715 ,ῖς
884 638 959 693 ob
984 638 1015 693 h
1039 637 1273 714 respe&u
1299 636 1452 710 ipsius
1486 653 1521 691 a
1580 638 1634 690 in
1674 636 2083 692 denominatore
2121 655 2178 692 e-

526 749 830 813 nanciscens,

682 839 878 894 XXX.
966 833 1025 892 Si
1062 836 1231 890 etiam
1278 834 1330 888 in
1378 832 1478 888 hac
1531 833 1769 903 machina
1797 833 1923 889 Ioco
1980 834 2189 890 clateris

526 923 739 994 pondus
763 923 1029 993 applicare
1052 920 1389 975 commodius
1414 918 1580 976 visum
1608 921 1758 975 fuerit
1777 957 1790 986 ,
1808 923 1859 975 id
1886 936 1944 975 vt
1973 922 2025 975 in
2049 923 2188 992 prio-

523 1008 567 1062 ri
593 1007 710 1062 casu
738 1024 949 1079 quoque
974 1007 1224 1079 praestari
1242 1008 1474 1078 poterit,
1516 1007 1704 1062 iisdem
1731 1008 2056 1062 obstruandis
2074 1025 2189 1063 mo-

536 1093 663 1148 nitis
687 1136 700 1162 ‚
746 1105 804 1148 vt
839 1094 1050 1166 pondus
1088 1091 1201 1146 satis
1221 1094 1470 1166 exiguum
1495 1094 1853 1163 appendatur,
1896 1096 2189 1149 radiustro-

529 1178 711 1234 chleae
740 1179 1052 1233 diminuatur
1081 1220 1095 1246 ‚
1138 1180 1286 1233 aufto
1323 1181 1425 1233 eius
1461 1180 1705 1250 pondere
1727 1221 1740 1247 ‚
1787 1182 1944 1251 idque
1966 1193 2186 1250 tantum,

527 1267 702 1337 quoad
721 1280 872 1319 error
902 1282 932 1319 a
953 1266 1005 1318 vi
1032 1264 1205 1317 inertia
1229 1265 1479 1334 ponderis
1516 1266 1765 1319 oriundus
1804 1265 2103 1320 insensibilis
2131 1282 2183 1319 e.

528 1351 687 1405 uadat
712 1391 726 1418 ‚
788 1348 1644 1420 machinaeque·irregularitatem,
1688 1367 1815 1420 quae
1844 1351 2195 1407 animaduerti

529 1448 779 1506 nequeat,
812 1438 1042 1491 inducat.
1128 1432 1272 1491 Cum
1305 1449 1477 1491 autem
1512 1452 1694 1490 curuae
1720 1438 1785 1491 ad
1813 1437 1963 1491 istam
1992 1437 2194 1492 machi-

532 1539 661 1576 nam
703 1522 979 1593 requisitae
1028 1521 1342 1593 constructio
1364 1523 1517 1577 valde
1555 1523 1616 1576 fit
1655 1521 1878 1594 operosa
1917 1565 1931 1590 ‚
1999 1535 2191 1578 contra

532 1622 662 1662 vero
689 1623 845 1662 curua
876 1607 1047 1680 priori
1084 1605 1232 1678 casui,
1247 1625 1352 1680 quo
1372 1609 1584 1665 direffio
1623 1609 1705 1664 fili
1726 1611 1791 1663 ad
1825 1609 2044 1663 eandem
2069 1626 2190 1680 per-

532 1704 698 1765 petuo
716 1694 934 1767 plagam
960 1694 1124 1749 tendit
1170 1730 1187 1763 ‚
1253 1696 1542 1753 construd'm
1565 1694 1623 1750 s1t
1646 1695 1917 1763 facillima,
1949 1695 2192 1764 priorem

537 1780 766 1837 modum
788 1780 910 1840 huic
930 1781 1216 1859 posteriori
1249 1780 1359 1839 fere
1388 1779 1799 1858 praeferendum
1827 1780 2082 1838 existimO.

1876 2844 1881 2848 ·
1937 2828 2197 2904 ΤΗΕΟ.
