2393 3590
447 222 516 302 58
656 237 662 244 ·
920 215 1033 278 DE
1120 213 1648 276 BJLANCJBVS.

433 389 702 450 quaer-atat·
727 392 882 433 error
905 376 1044 431 iuxta
1089 372 1517 447 praecedentium
1540 364 1622 440 Μ.
1660 371 1868 427 monita
1905 383 1955 428 et
1981 388 2102 426 cor*

435 467 626 535 rigatur
655 466 829 519 donec
854 462 1116 518 desideriis
1141 463 1241 518 erit
1273 458 1600 518 satisfiistum.

596 592 649 634 2.
737 577 862 637 NB.
913 578 1224 636 Obseruatio
1261 577 1632 632 lamellularum
1677 572 1730 648 f
1759 590 1811 631 et
1845 576 2105 632 linearum

440 666 736 722 lucidarum
760 685 792 741 q
811 667 877 720 ita
901 668 1227 722 instituatur:
1263 663 1456 719 Bilanx
1486 664 1551 717 ad
1574 663 1852 718 fenestram
1882 666 2096 718 concla-

442 755 520 811 uis
545 753 776 819 locetur,
811 766 865 807 vt
890 770 982 825 per
1007 753 1253 807 foramen
1277 767 1310 804 r
1334 762 1388 804 et
1412 748 1661 802 rimulam
1692 765 1726 820 q
1752 749 1842 801 lux
1867 762 2102 818 transpa-

439 854 581 902 reat.
668 837 888 894 Deinde
914 840 1097 893 oculus
1122 835 1475 890 obseruatoris
1501 834 1572 885 ita
1598 833 1833 901 fituetur,
1861 847 1915 888 vt
1942 834 2105 889 lineae

439 927 638 982 lucidae
659 943 730 999 qq
755 927 805 978 in
844 924 1026 976 medio
1063 920 1344 974 foraminis
1383 934 1415 971 r
1450 917 1830 991 conspiciantur
1853 934 1906 975 et
1934 937 2106 992 neque

442 1016 650 1068 altiores
673 1026 840 1082 neque
868 1005 1187 1063 demiffiores
1224 1010 1508 1077 appareant
1543 1005 1627 1060 sed
1668 1005 1985 1062 diametrum
2001 1008 2108 1062 ho·

436 1095 750 1153 rizontalem
780 1096 1011 1150 referant
1049 1092 1325 1146 foraminis
1351 1091 1561 1143 rotundi
1595 1108 1627 1146 r
1663 1092 1730 1145 ad
1751 1091 1859 1145 hoc
1884 1092 1921 1147 fi
1945 1105 2109 1147 atten-

440 1187 572 1240 ditur
601 1221 616 1253 ‚
666 1199 792 1238 tunc
832 1181 1037 1251 semper
1072 1195 1139 1233 ex
1174 1177 1369 1231 eodem
1391 1179 1588 1248 puncto
1611 1178 1825 1234 visionis
1849 1178 2099 1236 obserua-

442 1275 617 1328 tiones
643 1273 738 1327 rite
763 1281 815 1322 et
839 1266 1123 1338 aequaliter
1148 1276 1298 1318 erunt
1324 1261 1633 1318 adornatae.

441 1383 835 1472 methodus
888 1380 1110 1463 lances
1172 1375 1273 1459 ad
1330 1373 1619 1492 aequale
1661 1378 1939 1491 pondus
1996 1409 2108 1464 re·
2168 1337 2175 1346 Ι

613 1510 919 1624 eligendi.

594 1687 648 1744 3.
736 1668 879 1727 Cum
906 1681 1040 1721 vero
1069 1661 1300 1732 vulgaris
1327 1661 1515 1717 trutina
1538 1659 1621 1715 seu
1648 1660 1990 1716 docimastica
2016 1663 2110 1717 mi·

444 1762 645 1818 nimum
667 1757 793 1813 illud
816 1753 1200 1827 praepondium
1243 1748 1531 1821 alterutrius
1558 1747 1725 1804 lancis
1753 1764 1862 1801 non
1889 1748 2105 1820 prodat,

441 1851 496 1904 in
518 1849 611 1905 hac
635 1843 745 1917 ipsa
769 1858 902 1897 vero
932 1840 1136 1894 bilance
1163 1835 1365 1891 summa
1393 1835 1667 1907 aequalitas
1686 1836 1908 1891 lancium
1938 1839 2110 1908 requi-

441 1948 581 1991 ratur
600 1934 686 1989 tali
709 1929 882 1988 modo
909 1925 1177 2003 agendum
1200 1937 1259 1979 vt
1282 1924 1457 1980 lances
1483 1922 1707 1978 eandem
1723 1922 2110 1998 recipiantgra-

446 2022 684 2078 uitatem.

606 2149 653 2190 1.
739 2128 976 2208 Quando
1003 2125 1212 2198 scapus,
1265 2125 1498 2180 cochleis
1518 2125 1795 2181 foemineis
1818 2123 1856 2181 ii
1876 2138 1930 2180 et
1956 2124 2111 2181 elate-

449 2222 600 2279 ribus
621 2220 713 2276 {uis
736 2216 1034 2281 instructu&
1066 2211 1428 2283 aequilibratus
1454 2211 1528 2266 est
1557 2249 1572 2280 ,
1605 2224 1686 2280 et,
1709 2211 1986 2268 conuersus
2009 2210 2111 2269 sae-

451 2312 597 2384 pius,
651 2321 775 2361 cum
801 2303 984 2358 rimula
1017 2298 1191 2354 lucida
1230 2298 1291 2352 ad
1314 2298 1572 2353 sinistrum
1591 2297 1720 2353 latus
1745 2297 1954 2370 semper
1984 2314 2115 2353 con.

449 2398 645 2452 cordat
667 2392 819 2448 sicuti
878 2384 929 2457 ᾗ.
984 2401 1030 2441 1.
1065 2398 1346 2442 momento
1377 2398 1471 2441 12.
1496 2383 1743 2438 traditum
1780 2386 1998 2441 tandem
2025 2403 2117 2458 ap-

450 2483 748 2558 pendantur
779 2477 954 2531 lances
982 2489 1104 2526 cum
1127 2471 1224 2526 suis
1246 2470 1528 2526 filamentis
1545 2484 1597 2526 et
1621 2471 1822 2526 annulis
1849 2471 1985 2524 latiS.

611 2612 668 2654 ρ.
748 2587 990 2648 Notetur
1018 2589 1071 2645 in
1096 2591 1359 2648 auriculae
1372 2608 1413 2664 g
1437 2592 1679 2665 margine
1698 2587 2032 2661 prominente
2047 2584 2118 2641 al-

453 2687 620 2746 titudo
648 2680 894 2741 lamellae
912 2676 1056 2748 scapi
1066 2675 1114 2752 f

612 2787 662 2846 3.
749 2764 1395 2829 Deinde-commutentur
1422 2763 1600 2821 lances
1631 2770 1691 2818 vt
1721 2759 1905 2816 dextra
1938 2757 2034 2814 fiat
2058 2757 2118 2812 fi-

1957 2844 2118 2900 nistra
