2393 3590
472 260 559 306 20
913 230 1119 300 TRIG
1131 217 1718 293 ONOMETRICA.

468 399 704 456 summae
786 396 872 451 vel
953 388 1277 447 differentiae
1367 387 1610 441 datorum
1702 394 2045 437 numerorum
2111 419 2127 449 ‚

469 487 625 558 idque
689 502 786 557 per
851 481 1021 537 solum
1091 489 1352 529 canonem
1410 472 1617 528 sinuum
1693 467 2127 540 logarithmicum.

468 572 609 632 Huic
671 570 775 626 usui
841 569 1081 624 maxime
1127 560 1332 616 inscruit
1377 557 1693 633 propositio
1754 555 1843 610 sub
1906 553 2131 610 articulo

472 673 528 733 9.
589 675 723 731 quae
781 657 832 712 in
893 654 985 709 has
1012 646 1372 707 transformati
1429 643 1603 717 potest
1654 641 1925 713 sequentes
1959 657 1970 693 ε
2015 648 2131 699 0-4-

553 763 625 772 ,,-
660 726 747 769 2Bb
999 717 1167 766 ...gab
1397 719 1565 759 ‘zeta
1913 741 1986 754 ,-
2018 710 2109 748 2Ba

470 743 522 804 C
553 791 625 801 ....
688 782 772 821 -r-
809 737 1184 812 S÷s.--f-,
1214 727 1566 806 c--C-..ss-
1599 742 1651 784 et
1705 726 1881 784 S—-s
1914 766 1986 780 ...
2022 763 2120 800 Τ,

470 847 564 905 Ex
618 850 738 904 solo
787 848 936 897 enim
955 836 1160 914 iintuitu
1193 831 1379 885 harum
1432 825 1782 885 formularum
1828 836 2024 894 patet,
2080 823 2135 877 in

472 933 574 991 illis
599 937 821 993 summas
847 939 900 979 et
929 918 1244 977 differentias
1282 914 1501 967 duarum
1539 910 1878 984 quantitatum
1902 910 2139 982 aequipa-

469 1024 574 1076 rari
597 1021 712 1076 aliis
733 1057 748 1083 ‚
784 1026 912 1082 quae
932 1023 1028 1079 per
1062 1016 1319 1058 canonem
1347 998 1546 1056 sinuum
1573 997 1724 1053 datae
1746 1036 1761 1063 ‚
1810 1008 1866 1049 et
1887 994 2139 1070 logaritb-

474 1109 573 1162 mis
595 1101 738 1161 simul
763 1096 1036 1168 adaptatae
1064 1089 1178 1142 sunt
1202 1127 1216 1152 ‚
1250 1083 1452 1155 quippe
1479 1099 1608 1155 quae
1646 1080 1886 1137 constant
1920 1098 1991 1137 ex
2014 1080 2140 1139 solis

472 1191 525 1247 in
568 1189 670 1247 sese
705 1197 892 1242 mutuo
929 1175 1090 1234 ducitis
1116 1168 1396 1230 factoribus
1425 1169 1598 1237 datis·‚
1633 1163 1949 1223 Habeantur
1971 1170 2142 1239 itaque

475 1278 589 1333 dati
640 1267 946 1344 logarithmi
984 1277 1086 1336 pro
1126 1255 1467 1332 logarithmis
1503 1255 1703 1310 sinuum
1735 1266 1820 1308 aut
1860 1253 2142 1325 cosmuurn‚

477 1378 707 1437 quorum
743 1373 813 1412 ex
851 1365 1052 1407 canone
1090 1356 1444 1414 excerpantur
1474 1355 1652 1408 arcuS,
1680 1354 1905 1393 arcuum
1930 1336 2135 1396 forme-

477 1464 567 1507 tur
588 1462 643 1504 et
669 1440 998 1500 semisumma
1025 1445 1077 1489 et
1100 1428 1537 1494 semidifferentia,
1565 1439 1720 1498 atque
1754 1440 1858 1496 pro
1890 1421 2030 1480 hisce
2054 1426 2144 1481 de-

480 1553 593 1594 nuo
625 1540 979 1602 excerpantur
1002 1515 1314 1593 logarithmi
1341 1526 1714 1585 competentes
1740 1546 1756 1577 ‚
1806 1527 1939 1576 quae
1969 1512 2144 1567 secun-

484 1624 609 1679 dum
634 1616 986 1676 formularum
1013 1603 1422 1663 antecedentium
1446 1613 1692 1655 tenorem
1721 1594 1817 1653 fibi
1840 1610 2028 1654 mutuo
2053 1597 2146 1652 ad..

484 1710 674 1764 dantur
696 1717 747 1761 et
768 1699 1141 1763 subtrahantur,
1166 1703 1225 1746 vt
1246 1688 1542 1744 obtineatur
1556 1683 1858 1758 quaesitum.
1949 1684 2145 1740 Exem.

484 1794 577 1866 pla
609 1809 718 1847 non
747 1789 888 1844 addo
915 1827 929 1853 ‚
1006 1780 1129 1853 quia
1154 1779 1207 1833 in
1232 1774 1555 1847 sequentibus
1580 1785 1776 1826 eorum
1798 1769 2008 1825 occasio
2030 1771 2140 1827 erit.

487 1881 637 1936 quat
659 1877 829 1948 potius
853 1869 1120 1941 explicare
1146 1863 1232 1918 hic
1259 1860 1408 1918 usum
1438 1857 1811 1934 propositionis
1838 1855 1930 1912 sub
1960 1857 2005 1920 G.
2048 1870 2146 1929 13,

487 1982 647 2038 quem
670 1961 829 2019 habet
855 1959 907 2013 in
935 1953 1195 2010 solutione
1231 1946 1560 2023 problematis
1593 1944 1653 1999 de
1687 1943 1931 2016 triangulo
1955 1940 2150 2000 rec'lili-

490 2066 579 2108 neo
602 2050 748 2105 cuius
768 2046 958 2102 dantur
981 2039 1076 2093 duo
1095 2038 1263 2093 latera
1292 2051 1399 2089 cum
1425 2030 1597 2105 ngulo
1623 2030 1913 2104 intercepto,
1928 2039 1976 2086 et
1990 2043 2143 2105 quae-

490 2144 677 2194 runtur
706 2129 860 2205 anguli
903 2122 1086 2198 reliqui
1128 2142 1139 2176 ε
1174 2116 1441 2176 Ponamus
1479 2117 1641 2172 maius
1665 2115 1796 2170 latus
1833 2118 2014 2172 datum
2029 2131 2148 2184 ,τ-ν,

491 2225 662 2281 minus
687 2231 952 2281 vemt-tc,
967 2220 1279 2282 tangentem
1292 2202 1655 2260 semisummae
1680 2202 1992 2274 angulorum
2005 2219 2157 2275 quae-

495 2310 718 2364 fitorum
762 2310 863 2360 :t
899 2310 1211 2371 tangentem
1243 2309 1375 2347 vero
1408 2287 1867 2395 semidifferetntiae
1900 2290 2158 2360 quaesitae

1501 2370 1581 2407 ÷c
1611 2393 1684 2401 -.
1710 2366 1718 2402 ς

500 2406 601 2460 :y
629 2429 644 2456 ,
690 2390 790 2446 erit
822 2404 921 2461 per
967 2396 1147 2439 notam
1183 2379 1426 2454 regulam
1462 2412 1788 2466 ἶῖ--Ῡ
1877 2372 2043 2432 Nunc
2064 2373 2160 2431 ha-

504 2485 690 2541 beatur
715 2483 880 2536 maius
908 2483 1038 2538 latus
1062 2497 1161 2551 pro
1175 2480 1351 2547 radi0‚
1392 2475 1563 2532 minus
1581 2492 1687 2548 pro
1732 2474 1914 2530 cofinu
1940 2472 2160 2530 alicuius

506 2569 688 2642 anguli
714 2566 797 2638 qui
826 2579 1137 2633 excerpatur
1161 2581 1231 2619 ex
1253 2579 1483 2632 canone,
1504 2561 1707 2634 eiusque
1733 2562 1927 2617 dimidii
1941 2573 2162 2634 tangens

508 2659 679 2714 denuo
696 2661 1010 2726 excerpatur
1030 2662 1168 2722 quae
1187 2664 1409 2708 vocetur
1423 2648 1488 2730 Q
1509 2650 1602 2706 erit
1626 2650 1803 2721 itaque
1823 2644 1941 2723 (per
1982 2641 2026 2716 ᾗ.
2066 2661 2088 2701 1
2106 2644 2163 2720 3)

2072 2733 2161 2790 de-
