<?xml version="1.0" encoding="UTF-8"?>
<!DOCTYPE html PUBLIC "-//W3C//DTD XHTML 1.0 Transitional//EN"
    "http://www.w3.org/TR/xhtml1/DTD/xhtml1-transitional.dtd">
<html xmlns="http://www.w3.org/1999/xhtml" xml:lang="en" lang="en">
 <head>
  <title>
</title>
<meta http-equiv="Content-Type" content="text/html;charset=utf-8" />
  <meta name='ocr-system' content='tesseract 3.04.00' />
  <meta name='ocr-capabilities' content='ocr_page ocr_carea ocr_par ocr_line ocrx_word'/>
</head>
<body>
  <div class='ocr_page' id='page_1' title='image "./commentariiacade02impe_0296.png"; bbox 0 0 2393 3590; ppageno 0'>
   <div class='ocr_carea' id='block_1_1' title="bbox 490 133 1621 224">
    <p class='ocr_par' dir='ltr' id='par_1_1' title="bbox 490 133 1621 224">
     <span class='ocr_line' id='line_1_1' title="bbox 490 133 1621 224; baseline -0.004 -19"><span class='ocrx_word' id='word_1_1' title='bbox 490 152 493 155; x_wconf 86' lang='grc'><strong>’</strong></span> <span class='ocrx_word' id='word_1_2' title='bbox 532 138 670 224; x_wconf 68' lang='lat'><strong>‘284</strong></span> <span class='ocrx_word' id='word_1_3' title='bbox 1052 133 1169 201; x_wconf 86' lang='lat' dir='ltr'><strong>DE</strong></span> <span class='ocrx_word' id='word_1_4' title='bbox 1257 137 1621 200; x_wconf 82' lang='lat' dir='ltr'><em>TVBVLIS</em></span> 
     </span>
    </p>
   </div>
   <div class='ocr_carea' id='block_1_2' title="bbox 304 289 2232 2771">
    <p class='ocr_par' dir='ltr' id='par_1_2' title="bbox 304 289 2213 885">
     <span class='ocr_line' id='line_1_2' title="bbox 540 289 2195 368; baseline 0 -17"><span class='ocrx_word' id='word_1_5' title='bbox 540 296 755 353; x_wconf 85' lang='lat' dir='ltr'><strong>lumella</strong></span> <span class='ocrx_word' id='word_1_6' title='bbox 778 293 900 354; x_wconf 87' lang='lat' dir='ltr'><strong>AD</strong></span> <span class='ocrx_word' id='word_1_7' title='bbox 930 310 981 353; x_wconf 90' lang='lat' dir='ltr'><strong>et</strong></span> <span class='ocrx_word' id='word_1_8' title='bbox 1015 292 1113 354; x_wconf 88' lang='lat' dir='ltr'><strong>BC</strong></span> <span class='ocrx_word' id='word_1_9' title='bbox 1138 295 1298 355; x_wconf 80' lang='lat' dir='ltr'><strong>effent</strong></span> <span class='ocrx_word' id='word_1_10' title='bbox 1330 296 1601 368; x_wconf 82' lang='lat' dir='ltr'>contiguae</span> <span class='ocrx_word' id='word_1_11' title='bbox 1628 316 1639 352; x_wconf 78' lang='lat' dir='ltr'><strong><em>z</em></strong></span> <span class='ocrx_word' id='word_1_12' title='bbox 1680 289 1884 352; x_wconf 83' lang='lat' dir='ltr'>Fateor</span> <span class='ocrx_word' id='word_1_13' title='bbox 1909 307 2091 350; x_wconf 90' lang='lat' dir='ltr'><strong>tamen</strong></span> <span class='ocrx_word' id='word_1_14' title='bbox 2119 307 2195 351; x_wconf 82' lang='lat' dir='ltr'><strong>et-</strong></span> 
     </span>
     <span class='ocr_line' id='line_1_3' title="bbox 304 381 2201 456; baseline -0.001 -18"><span class='ocrx_word' id='word_1_15' title='bbox 304 403 332 413; x_wconf 60' lang='lat'><strong>*</strong></span> <span class='ocrx_word' id='word_1_16' title='bbox 542 384 650 438; x_wconf 88' lang='lat' dir='ltr'><strong>iam</strong></span> <span class='ocrx_word' id='word_1_17' title='bbox 673 383 756 439; x_wconf 89' lang='lat' dir='ltr'><strong>hic</strong></span> <span class='ocrx_word' id='word_1_18' title='bbox 782 387 959 456; x_wconf 86' lang='lat' dir='ltr'><strong>quaeri</strong></span> <span class='ocrx_word' id='word_1_19' title='bbox 1000 382 1150 456; x_wconf 80' lang='lat' dir='ltr'><strong>poss‘e</strong></span> <span class='ocrx_word' id='word_1_20' title='bbox 1175 420 1191 451; x_wconf 90' lang='lat'>‚</span> <span class='ocrx_word' id='word_1_21' title='bbox 1229 401 1404 438; x_wconf 89' lang='lat' dir='ltr'><strong>annon</strong></span> <span class='ocrx_word' id='word_1_22' title='bbox 1429 381 1667 437; x_wconf 80' lang='lat' dir='ltr'><strong>similiter</strong></span> <span class='ocrx_word' id='word_1_23' title='bbox 1687 381 1866 437; x_wconf 84' lang='lat' dir='ltr'><strong>dicere</strong></span> <span class='ocrx_word' id='word_1_24' title='bbox 1899 381 2057 437; x_wconf 90' lang='lat' dir='ltr'><strong>liceat</strong></span> <span class='ocrx_word' id='word_1_25' title='bbox 2081 423 2095 451; x_wconf 87' lang='lat'>‚</span> <span class='ocrx_word' id='word_1_26' title='bbox 2147 398 2201 436; x_wconf 77' lang='lat' dir='ltr'><strong>a-</strong></span> 
     </span>
     <span class='ocr_line' id='line_1_4' title="bbox 543 466 2203 542; baseline -0.002 -16"><span class='ocrx_word' id='word_1_27' title='bbox 543 470 778 526; x_wconf 66' lang='lat' dir='ltr'><strong>&amp;ionem</strong></span> <span class='ocrx_word' id='word_1_28' title='bbox 810 470 1149 542; x_wconf 87' lang='lat' dir='ltr'><strong>peripheriae</strong></span> <span class='ocrx_word' id='word_1_29' title='bbox 1173 467 1236 524; x_wconf 96' lang='lat' dir='ltr'>A</span> <span class='ocrx_word' id='word_1_30' title='bbox 1262 468 1446 522; x_wconf 86' lang='lat' dir='ltr'><strong>destrui</strong></span> <span class='ocrx_word' id='word_1_31' title='bbox 1465 482 1563 538; x_wconf 89' lang='lat' dir='ltr'><strong>per</strong></span> <span class='ocrx_word' id='word_1_32' title='bbox 1588 466 1853 519; x_wconf 62' lang='lat' dir='ltr'><strong>aetionem</strong></span> <span class='ocrx_word' id='word_1_33' title='bbox 1882 468 2203 540; x_wconf 82' lang='lat' dir='ltr'><strong>peripheriae</strong></span> 
     </span>
     <span class='ocr_line' id='line_1_5' title="bbox 543 548 2207 628; baseline -0.002 -16"><span class='ocrx_word' id='word_1_34' title='bbox 543 554 598 612; x_wconf 94' lang='lat' dir='ltr'><strong>D</strong></span> <span class='ocrx_word' id='word_1_35' title='bbox 619 596 633 624; x_wconf 83' lang='lat'>,</span> <span class='ocrx_word' id='word_1_36' title='bbox 666 556 906 628; x_wconf 82' lang='lat' dir='ltr'>adeoque</span> <span class='ocrx_word' id='word_1_37' title='bbox 932 556 1271 611; x_wconf 76' lang='lat' dir='ltr'>columellam</span> <span class='ocrx_word' id='word_1_38' title='bbox 1290 550 1418 607; x_wconf 91' lang='lat' dir='ltr'><strong>AD</strong></span> <span class='ocrx_word' id='word_1_39' title='bbox 1440 588 1455 619; x_wconf 84' lang='lat'>,</span> <span class='ocrx_word' id='word_1_40' title='bbox 1482 548 1669 624; x_wconf 76' lang='lat' dir='ltr'><strong>saltem</strong></span> <span class='ocrx_word' id='word_1_41' title='bbox 1693 551 1747 605; x_wconf 79' lang='lat' dir='ltr'><strong>in</strong></span> <span class='ocrx_word' id='word_1_42' title='bbox 1773 565 1934 605; x_wconf 78' lang='lat' dir='ltr'><strong>vacuo</strong></span> <span class='ocrx_word' id='word_1_43' title='bbox 1967 593 1981 619; x_wconf 86' lang='lat'>‚</span> <span class='ocrx_word' id='word_1_44' title='bbox 2012 553 2207 609; x_wconf 84' lang='lat' dir='ltr'><strong>debere</strong></span> 
     </span>
     <span class='ocr_line' id='line_1_6' title="bbox 548 636 2207 714; baseline 0.001 -20"><span class='ocrx_word' id='word_1_45' title='bbox 548 639 870 697; x_wconf 84' lang='lat' dir='ltr'><strong>descendere</strong></span> <span class='ocrx_word' id='word_1_46' title='bbox 894 663 910 714; x_wconf 71' lang='grc' dir='ltr'><strong>ε,</strong></span> <span class='ocrx_word' id='word_1_47' title='bbox 953 641 1138 713; x_wconf 81' lang='lat' dir='ltr'><strong>quodsi</strong></span> <span class='ocrx_word' id='word_1_48' title='bbox 1163 641 1305 696; x_wconf 89' lang='lat' dir='ltr'><strong>enim</strong></span> <span class='ocrx_word' id='word_1_49' title='bbox 1326 656 1411 693; x_wconf 91' lang='lat' dir='ltr'><strong>aer</strong></span> <span class='ocrx_word' id='word_1_50' title='bbox 1435 649 1672 708; x_wconf 82' lang='lat' dir='ltr'><strong>occupat</strong></span> <span class='ocrx_word' id='word_1_51' title='bbox 1695 636 1877 692; x_wconf 89' lang='lat' dir='ltr'><strong>locum</strong></span> <span class='ocrx_word' id='word_1_52' title='bbox 1901 636 2207 709; x_wconf 86' lang='lat' dir='ltr'><strong>DE‚potest</strong></span> 
     </span>
     <span class='ocr_line' id='line_1_7' title="bbox 548 721 2213 800; baseline -0.001 -19"><span class='ocrx_word' id='word_1_53' title='bbox 548 727 855 800; x_wconf 84' lang='lat' dir='ltr'><strong>peripheria</strong></span> <span class='ocrx_word' id='word_1_54' title='bbox 875 726 926 785; x_wconf 90' lang='lat' dir='ltr'>C</span> <span class='ocrx_word' id='word_1_55' title='bbox 953 726 1227 782; x_wconf 89' lang='lat' dir='ltr'><strong>sustentare</strong></span> <span class='ocrx_word' id='word_1_56' title='bbox 1253 723 1596 780; x_wconf 81' lang='lat' dir='ltr'><strong>columellam</strong></span> <span class='ocrx_word' id='word_1_57' title='bbox 1616 721 1740 778; x_wconf 88' lang='lat' dir='ltr'><strong>AD</strong></span> <span class='ocrx_word' id='word_1_58' title='bbox 1755 760 1772 795; x_wconf 88' lang='lat'><em>‚</em></span> <span class='ocrx_word' id='word_1_59' title='bbox 1803 724 2072 780; x_wconf 81' lang='lat' dir='ltr'><strong>mediante</strong></span> <span class='ocrx_word' id='word_1_60' title='bbox 2090 727 2213 782; x_wconf 88' lang='lat' dir='ltr'><strong>aeris</strong></span> 
     </span>
     <span class='ocr_line' id='line_1_8' title="bbox 545 812 873 885; baseline 0.021 -19"><span class='ocrx_word' id='word_1_61' title='bbox 545 812 873 885; x_wconf 77' lang='lat' dir='ltr'><strong>interpositu,</strong></span> 
     </span>
    </p>

    <p class='ocr_par' dir='ltr' id='par_1_3' title="bbox 547 896 2232 2771">
     <span class='ocr_line' id='line_1_9' title="bbox 684 896 2212 974; baseline 0.001 -21"><span class='ocrx_word' id='word_1_62' title='bbox 684 898 839 958; x_wconf 86' lang='lat' dir='ltr'><strong>LIII.</strong></span> <span class='ocrx_word' id='word_1_63' title='bbox 927 896 1037 953; x_wconf 88' lang='lat' dir='ltr'><strong>Pro</strong></span> <span class='ocrx_word' id='word_1_64' title='bbox 1059 899 1198 954; x_wconf 87' lang='lat' dir='ltr'><strong>tubis</strong></span> <span class='ocrx_word' id='word_1_65' title='bbox 1223 897 1628 974; x_wconf 78' lang='lat' dir='ltr'><strong>inaequabilihus</strong></span> <span class='ocrx_word' id='word_1_66' title='bbox 1644 897 1915 955; x_wconf 87' lang='lat' dir='ltr'><strong>difficilior</strong></span> <span class='ocrx_word' id='word_1_67' title='bbox 1939 915 2022 954; x_wconf 89' lang='lat' dir='ltr'><strong>res</strong></span> <span class='ocrx_word' id='word_1_68' title='bbox 2042 900 2116 956; x_wconf 90' lang='lat' dir='ltr'><strong>est</strong></span> <span class='ocrx_word' id='word_1_69' title='bbox 2140 910 2212 954; x_wconf 88' lang='lat' dir='ltr'><strong>et-</strong></span> 
     </span>
     <span class='ocr_line' id='line_1_10' title="bbox 552 982 2203 1060; baseline 0.003 -23"><span class='ocrx_word' id='word_1_70' title='bbox 552 982 662 1039; x_wconf 87' lang='lat' dir='ltr'><strong>iam</strong></span> <span class='ocrx_word' id='word_1_71' title='bbox 697 986 745 1040; x_wconf 85' lang='lat' dir='ltr'><strong>in</strong></span> <span class='ocrx_word' id='word_1_72' title='bbox 777 983 878 1060; x_wconf 81' lang='lat' dir='ltr'><strong>ipso</strong></span> <span class='ocrx_word' id='word_1_73' title='bbox 915 1000 1062 1046; x_wconf 76' lang='lat' dir='ltr'><strong>aere,</strong></span> <span class='ocrx_word' id='word_1_74' title='bbox 1161 984 1311 1044; x_wconf 82' lang='lat' dir='ltr'><strong>Nihil</strong></span> <span class='ocrx_word' id='word_1_75' title='bbox 1335 986 1513 1056; x_wconf 84' lang='lat' dir='ltr'><strong>potest</strong></span> <span class='ocrx_word' id='word_1_76' title='bbox 1540 984 1638 1039; x_wconf 82' lang='lat' dir='ltr'><strong>effe</strong></span> <span class='ocrx_word' id='word_1_77' title='bbox 1666 988 1939 1042; x_wconf 76' lang='lat' dir='ltr'><strong>amoenius</strong></span> <span class='ocrx_word' id='word_1_78' title='bbox 1964 988 2203 1060; x_wconf 86' lang='lat' dir='ltr'><strong>explica-</strong></span> 
     </span>
     <span class='ocr_line' id='line_1_11' title="bbox 547 1069 2208 1147; baseline 0.002 -23"><span class='ocrx_word' id='word_1_79' title='bbox 547 1069 695 1125; x_wconf 87' lang='lat' dir='ltr'><strong>tione</strong></span> <span class='ocrx_word' id='word_1_80' title='bbox 721 1070 1030 1140; x_wconf 61' lang='lat' dir='ltr'><strong>lumniam,</strong></span> <span class='ocrx_word' id='word_1_81' title='bbox 1060 1088 1216 1143; x_wconf 85' lang='lat' dir='ltr'><strong>quam</strong></span> <span class='ocrx_word' id='word_1_82' title='bbox 1243 1090 1294 1143; x_wconf 92' lang='lat' dir='ltr'><strong>p.</strong></span> <span class='ocrx_word' id='word_1_83' title='bbox 1319 1085 1467 1147; x_wconf 77' lang='lat'>429.</span> <span class='ocrx_word' id='word_1_84' title='bbox 1505 1070 1623 1125; x_wconf 85' lang='lat' dir='ltr'><strong>libri</strong></span> <span class='ocrx_word' id='word_1_85' title='bbox 1650 1074 1790 1127; x_wconf 87' lang='lat' dir='ltr'><strong>citati</strong></span> <span class='ocrx_word' id='word_1_86' title='bbox 1816 1073 2054 1146; x_wconf 81' lang='lat' dir='ltr'><strong>legimus,</strong></span> <span class='ocrx_word' id='word_1_87' title='bbox 2099 1073 2208 1130; x_wconf 87' lang='lat' dir='ltr'><strong>Re-</strong></span> 
     </span>
     <span class='ocr_line' id='line_1_12' title="bbox 553 1155 2216 1228; baseline 0.002 -18"><span class='ocrx_word' id='word_1_88' title='bbox 553 1156 695 1212; x_wconf 91' lang='lat' dir='ltr'><strong>ducit</strong></span> <span class='ocrx_word' id='word_1_89' title='bbox 717 1174 824 1212; x_wconf 89' lang='lat' dir='ltr'><strong>non</strong></span> <span class='ocrx_word' id='word_1_90' title='bbox 840 1158 945 1213; x_wconf 88' lang='lat' dir='ltr'><strong>fine</strong></span> <span class='ocrx_word' id='word_1_91' title='bbox 979 1158 1212 1212; x_wconf 88' lang='lat' dir='ltr'><strong>artificio</strong></span> <span class='ocrx_word' id='word_1_92' title='bbox 1234 1155 1370 1211; x_wconf 92' lang='lat' dir='ltr'><strong>hunc</strong></span> <span class='ocrx_word' id='word_1_93' title='bbox 1405 1157 1578 1210; x_wconf 65' lang='lat' dir='ltr'><strong>casum</strong></span> <span class='ocrx_word' id='word_1_94' title='bbox 1614 1160 1677 1212; x_wconf 89' lang='lat' dir='ltr'><strong>ad</strong></span> <span class='ocrx_word' id='word_1_95' title='bbox 1708 1160 1864 1214; x_wconf 89' lang='lat' dir='ltr'><strong>alium</strong></span> <span class='ocrx_word' id='word_1_96' title='bbox 1902 1159 2216 1228; x_wconf 82' lang='lat' dir='ltr'><strong>faciliorem,</strong></span> 
     </span>
     <span class='ocr_line' id='line_1_13' title="bbox 553 1242 2216 1318; baseline 0 -20"><span class='ocrx_word' id='word_1_97' title='bbox 553 1259 662 1314; x_wconf 88' lang='lat' dir='ltr'><strong>quo</strong></span> <span class='ocrx_word' id='word_1_98' title='bbox 693 1259 802 1298; x_wconf 83' lang='lat' dir='ltr'><strong>non</strong></span> <span class='ocrx_word' id='word_1_99' title='bbox 847 1245 1133 1315; x_wconf 84' lang='lat' dir='ltr'><strong>interrupta</strong></span> <span class='ocrx_word' id='word_1_100' title='bbox 1165 1243 1238 1296; x_wconf 87' lang='lat' dir='ltr'><strong>est</strong></span> <span class='ocrx_word' id='word_1_101' title='bbox 1275 1258 1396 1294; x_wconf 88' lang='lat' dir='ltr'><strong>aere</strong></span> <span class='ocrx_word' id='word_1_102' title='bbox 1421 1242 1734 1296; x_wconf 84' lang='lat' dir='ltr'><strong>intermedio</strong></span> <span class='ocrx_word' id='word_1_103' title='bbox 1765 1244 2014 1298; x_wconf 88' lang='lat' dir='ltr'><strong>columna</strong></span> <span class='ocrx_word' id='word_1_104' title='bbox 2054 1261 2216 1318; x_wconf 85' lang='lat' dir='ltr'><strong>aquae</strong></span> 
     </span>
     <span class='ocr_line' id='line_1_14' title="bbox 556 1323 2222 1402; baseline 0 -18"><span class='ocrx_word' id='word_1_105' title='bbox 556 1331 822 1402; x_wconf 81' lang='lat' dir='ltr'><strong>angustior</strong></span> <span class='ocrx_word' id='word_1_106' title='bbox 845 1343 897 1382; x_wconf 91' lang='lat' dir='ltr'><strong>et</strong></span> <span class='ocrx_word' id='word_1_107' title='bbox 915 1331 1160 1399; x_wconf 84' lang='lat' dir='ltr'><strong>amplior.</strong></span> <span class='ocrx_word' id='word_1_108' title='bbox 1249 1323 1501 1380; x_wconf 88' lang='lat' dir='ltr'><strong>Presfioni</strong></span> <span class='ocrx_word' id='word_1_109' title='bbox 1522 1325 1620 1380; x_wconf 89' lang='lat' dir='ltr'><strong>scil.</strong></span> <span class='ocrx_word' id='word_1_110' title='bbox 1650 1327 2041 1400; x_wconf 85' lang='lat' dir='ltr'><strong>atmosphaerae</strong></span> <span class='ocrx_word' id='word_1_111' title='bbox 2066 1332 2116 1385; x_wconf 89' lang='lat' dir='ltr'><strong>in</strong></span> <span class='ocrx_word' id='word_1_112' title='bbox 2131 1331 2222 1384; x_wconf 80' lang='lat' dir='ltr'><strong>ba-</strong></span> 
     </span>
     <span class='ocr_line' id='line_1_15' title="bbox 553 1411 2218 1485; baseline 0.002 -18"><span class='ocrx_word' id='word_1_113' title='bbox 553 1416 629 1473; x_wconf 88' lang='lat' dir='ltr'><strong>sm</strong></span> <span class='ocrx_word' id='word_1_114' title='bbox 648 1415 746 1473; x_wconf 88' lang='lat' dir='ltr'><strong>BC</strong></span> <span class='ocrx_word' id='word_1_115' title='bbox 772 1414 1061 1485; x_wconf 88' lang='lat' dir='ltr'><strong>opponitur</strong></span> <span class='ocrx_word' id='word_1_116' title='bbox 1087 1429 1210 1468; x_wconf 91' lang='lat' dir='ltr'><strong>cum</strong></span> <span class='ocrx_word' id='word_1_117' title='bbox 1231 1414 1473 1484; x_wconf 88' lang='lat' dir='ltr'><strong>pondere</strong></span> <span class='ocrx_word' id='word_1_118' title='bbox 1504 1431 1663 1485; x_wconf 88' lang='lat' dir='ltr'><strong>aquae</strong></span> <span class='ocrx_word' id='word_1_119' title='bbox 1682 1416 1735 1468; x_wconf 92' lang='lat' dir='ltr'><strong>in</strong></span> <span class='ocrx_word' id='word_1_120' title='bbox 1765 1411 1971 1474; x_wconf 90' lang='lat' dir='ltr'><strong>FGCB</strong></span> <span class='ocrx_word' id='word_1_121' title='bbox 1993 1417 2218 1471; x_wconf 88' lang='lat' dir='ltr'><strong>etiame-</strong></span> 
     </span>
     <span class='ocr_line' id='line_1_16' title="bbox 555 1490 2220 1572; baseline -0.001 -16"><span class='ocrx_word' id='word_1_122' title='bbox 555 1505 689 1559; x_wconf 82' lang='lat' dir='ltr'><strong>Iater</strong></span> <span class='ocrx_word' id='word_1_123' title='bbox 712 1500 843 1555; x_wconf 80' lang='lat' dir='ltr'><strong>aeris</strong></span> <span class='ocrx_word' id='word_1_124' title='bbox 866 1499 1004 1554; x_wconf 90' lang='lat' dir='ltr'><strong>inter</strong></span> <span class='ocrx_word' id='word_1_125' title='bbox 1029 1495 1200 1559; x_wconf 80' lang='lat' dir='ltr'><strong>DFG</strong></span> <span class='ocrx_word' id='word_1_126' title='bbox 1230 1490 1478 1554; x_wconf 71' lang='lat' dir='ltr'><strong>conclusi.</strong></span> <span class='ocrx_word' id='word_1_127' title='bbox 1552 1500 1740 1555; x_wconf 87' lang='lat' dir='ltr'><strong>Minor</strong></span> <span class='ocrx_word' id='word_1_128' title='bbox 1764 1501 1939 1572; x_wconf 89' lang='lat' dir='ltr'><strong>itaque</strong></span> <span class='ocrx_word' id='word_1_129' title='bbox 1965 1501 2040 1556; x_wconf 89' lang='lat' dir='ltr'><strong>est</strong></span> <span class='ocrx_word' id='word_1_130' title='bbox 2061 1501 2144 1557; x_wconf 90' lang='lat' dir='ltr'><strong>hic</strong></span> <span class='ocrx_word' id='word_1_131' title='bbox 2167 1518 2220 1554; x_wconf 86' lang='lat' dir='ltr'><strong>e-</strong></span> 
     </span>
     <span class='ocr_line' id='line_1_17' title="bbox 556 1585 2222 1659; baseline -0.001 -16"><span class='ocrx_word' id='word_1_132' title='bbox 556 1591 688 1643; x_wconf 89' lang='lat' dir='ltr'><strong>later</strong></span> <span class='ocrx_word' id='word_1_133' title='bbox 712 1602 866 1659; x_wconf 89' lang='lat' dir='ltr'><strong>quam</strong></span> <span class='ocrx_word' id='word_1_134' title='bbox 895 1587 1112 1658; x_wconf 84' lang='lat' dir='ltr'><strong>grauitas</strong></span> <span class='ocrx_word' id='word_1_135' title='bbox 1147 1585 1550 1657; x_wconf 85' lang='lat' dir='ltr'><strong>atmosphaerae</strong></span> <span class='ocrx_word' id='word_1_136' title='bbox 1579 1603 1685 1656; x_wconf 89' lang='lat' dir='ltr'><strong>pro</strong></span> <span class='ocrx_word' id='word_1_137' title='bbox 1713 1588 1914 1642; x_wconf 77' lang='lat' dir='ltr'><strong>ratione</strong></span> <span class='ocrx_word' id='word_1_138' title='bbox 1937 1587 2222 1642; x_wconf 79' lang='lat' dir='ltr'><strong>altitudinis</strong></span> 
     </span>
     <span class='ocr_line' id='line_1_18' title="bbox 557 1668 2220 1745; baseline -0.007 -14"><span class='ocrx_word' id='word_1_139' title='bbox 557 1668 681 1732; x_wconf 77' lang='lat' dir='ltr'><strong>FB.</strong></span> <span class='ocrx_word' id='word_1_140' title='bbox 768 1671 924 1728; x_wconf 91' lang='lat' dir='ltr'><strong>Idem</strong></span> <span class='ocrx_word' id='word_1_141' title='bbox 947 1689 1077 1728; x_wconf 85' lang='lat' dir='ltr'><strong>vero</strong></span> <span class='ocrx_word' id='word_1_142' title='bbox 1103 1673 1399 1745; x_wconf 87' lang='lat' dir='ltr'><strong>opponitur</strong></span> <span class='ocrx_word' id='word_1_143' title='bbox 1433 1674 1597 1725; x_wconf 87' lang='lat' dir='ltr'><strong>etiam</strong></span> <span class='ocrx_word' id='word_1_144' title='bbox 1624 1714 1637 1741; x_wconf 83' lang='lat'>,</span> <span class='ocrx_word' id='word_1_145' title='bbox 1685 1685 1737 1727; x_wconf 89' lang='lat' dir='ltr'><strong>et</strong></span> <span class='ocrx_word' id='word_1_146' title='bbox 1759 1688 1883 1726; x_wconf 91' lang='lat' dir='ltr'><strong>cum</strong></span> <span class='ocrx_word' id='word_1_147' title='bbox 1907 1673 2220 1727; x_wconf 69' lang='lat' dir='ltr'><strong>attrafflone</strong></span> 
     </span>
     <span class='ocr_line' id='line_1_19' title="bbox 555 1749 2221 1833; baseline -0.006 -18"><span class='ocrx_word' id='word_1_148' title='bbox 555 1758 887 1833; x_wconf 80' lang='lat' dir='ltr'><strong>peripheriae</strong></span> <span class='ocrx_word' id='word_1_149' title='bbox 905 1760 955 1812; x_wconf 92' lang='lat' dir='ltr'><strong>in</strong></span> <span class='ocrx_word' id='word_1_150' title='bbox 988 1755 1051 1814; x_wconf 89' lang='lat' dir='ltr'>A</span> <span class='ocrx_word' id='word_1_151' title='bbox 1079 1758 1368 1831; x_wconf 83' lang='lat' dir='ltr'><strong>aequiualct</strong></span> <span class='ocrx_word' id='word_1_152' title='bbox 1394 1756 1634 1824; x_wconf 83' lang='lat' dir='ltr'><strong>grauitati</strong></span> <span class='ocrx_word' id='word_1_153' title='bbox 1667 1761 1796 1813; x_wconf 78' lang='lat' dir='ltr'><strong>aeris</strong></span> <span class='ocrx_word' id='word_1_154' title='bbox 1830 1750 2043 1806; x_wconf 87' lang='lat' dir='ltr'><strong>externi</strong></span> <span class='ocrx_word' id='word_1_155' title='bbox 2067 1749 2221 1822; x_wconf 90' lang='lat' dir='ltr'><strong>super</strong></span> 
     </span>
     <span class='ocr_line' id='line_1_20' title="bbox 556 1836 2225 1919; baseline -0.007 -16"><span class='ocrx_word' id='word_1_156' title='bbox 556 1845 620 1903; x_wconf 79' lang='lat' dir='ltr'>A</span> <span class='ocrx_word' id='word_1_157' title='bbox 648 1845 936 1919; x_wconf 85' lang='lat' dir='ltr'><strong>prementis</strong></span> <span class='ocrx_word' id='word_1_158' title='bbox 959 1864 970 1899; x_wconf 74' lang='grc' dir='ltr'><strong><em>ε</em></strong></span> <span class='ocrx_word' id='word_1_159' title='bbox 996 1847 1170 1918; x_wconf 88' lang='lat' dir='ltr'><strong>itaque</strong></span> <span class='ocrx_word' id='word_1_160' title='bbox 1195 1845 1325 1899; x_wconf 77' lang='lat' dir='ltr'><strong>haec</strong></span> <span class='ocrx_word' id='word_1_161' title='bbox 1351 1842 1594 1897; x_wconf 63' lang='lat' dir='ltr'><strong>attractio</strong></span> <span class='ocrx_word' id='word_1_162' title='bbox 1624 1850 1870 1914; x_wconf 86' lang='lat' dir='ltr'><strong>aequatur</strong></span> <span class='ocrx_word' id='word_1_163' title='bbox 1903 1836 2225 1910; x_wconf 82' lang='lat' dir='ltr'><strong>preffionia-</strong></span> 
     </span>
     <span class='ocr_line' id='line_1_21' title="bbox 558 1923 2225 2008; baseline -0.006 -19"><span class='ocrx_word' id='word_1_164' title='bbox 558 1950 689 2008; x_wconf 88' lang='lat' dir='ltr'><strong>quae</strong></span> <span class='ocrx_word' id='word_1_165' title='bbox 711 1932 772 1987; x_wconf 92' lang='lat' dir='ltr'><strong>ad</strong></span> <span class='ocrx_word' id='word_1_166' title='bbox 802 1933 1131 1988; x_wconf 87' lang='lat' dir='ltr'><strong>altitudinem</strong></span> <span class='ocrx_word' id='word_1_167' title='bbox 1157 1925 1287 1998; x_wconf 77' lang='lat' dir='ltr'><strong>FB,</strong></span> <span class='ocrx_word' id='word_1_168' title='bbox 1334 1942 1385 1983; x_wconf 91' lang='lat' dir='ltr'><strong>et</strong></span> <span class='ocrx_word' id='word_1_169' title='bbox 1411 1928 1556 2000; x_wconf 85' lang='lat' dir='ltr'><strong>super</strong></span> <span class='ocrx_word' id='word_1_170' title='bbox 1583 1927 1687 1985; x_wconf 79' lang='lat' dir='ltr'><strong>basi</strong></span> <span class='ocrx_word' id='word_1_171' title='bbox 1710 1925 1802 1995; x_wconf 85' lang='lat' dir='ltr'><strong>A,</strong></span> <span class='ocrx_word' id='word_1_172' title='bbox 1844 1925 2096 1985; x_wconf 83' lang='lat' dir='ltr'><strong>eleuatae.</strong></span> <span class='ocrx_word' id='word_1_173' title='bbox 2153 1923 2225 1979; x_wconf 88' lang='lat' dir='ltr'><strong>E-</strong></span> 
     </span>
     <span class='ocr_line' id='line_1_22' title="bbox 559 2005 2225 2093; baseline -0.008 -16"><span class='ocrx_word' id='word_1_174' title='bbox 559 2019 747 2093; x_wconf 79' lang='lat' dir='ltr'><strong>gregie</strong></span> <span class='ocrx_word' id='word_1_175' title='bbox 769 2033 907 2072; x_wconf 80' lang='lat' dir='ltr'><strong>vero</strong></span> <span class='ocrx_word' id='word_1_176' title='bbox 929 2018 1020 2074; x_wconf 89' lang='lat' dir='ltr'><strong>ista</strong></span> <span class='ocrx_word' id='word_1_177' title='bbox 1046 2019 1223 2074; x_wconf 88' lang='lat' dir='ltr'><strong>omnia</strong></span> <span class='ocrx_word' id='word_1_178' title='bbox 1244 2052 1258 2082; x_wconf 87' lang='lat'>,</span> <span class='ocrx_word' id='word_1_179' title='bbox 1276 2013 1778 2092; x_wconf 77' lang='lat' dir='ltr'><strong>superestscrupulus</strong></span> <span class='ocrx_word' id='word_1_180' title='bbox 1805 2025 2025 2068; x_wconf 87' lang='lat' dir='ltr'><strong>tantum.</strong></span> <span class='ocrx_word' id='word_1_181' title='bbox 2113 2005 2225 2066; x_wconf 85' lang='lat' dir='ltr'><strong>Cur</strong></span> 
     </span>
     <span class='ocr_line' id='line_1_23' title="bbox 561 2090 2225 2177; baseline -0.009 -14"><span class='ocrx_word' id='word_1_182' title='bbox 561 2109 699 2163; x_wconf 86' lang='lat' dir='ltr'><strong>nulla</strong></span> <span class='ocrx_word' id='word_1_183' title='bbox 731 2104 796 2159; x_wconf 87' lang='lat' dir='ltr'><strong>fit</strong></span> <span class='ocrx_word' id='word_1_184' title='bbox 835 2107 1037 2159; x_wconf 83' lang='lat' dir='ltr'><strong>mentio</strong></span> <span class='ocrx_word' id='word_1_185' title='bbox 1074 2102 1395 2177; x_wconf 76' lang='lat' dir='ltr'><strong>periphericte</strong></span> <span class='ocrx_word' id='word_1_186' title='bbox 1429 2099 1671 2177; x_wconf 72' lang='lat' dir='ltr'><strong>inferioris</strong></span> <span class='ocrx_word' id='word_1_187' title='bbox 1710 2101 1768 2155; x_wconf 89' lang='lat' dir='ltr'><strong>D</strong></span> <span class='ocrx_word' id='word_1_188' title='bbox 1804 2097 2029 2168; x_wconf 87' lang='lat' dir='ltr'><strong>guttulae</strong></span> <span class='ocrx_word' id='word_1_189' title='bbox 2053 2090 2173 2151; x_wconf 91' lang='lat' dir='ltr'><strong>AD</strong></span> <span class='ocrx_word' id='word_1_190' title='bbox 2200 2090 2225 2148; x_wconf 72' lang='grc' dir='ltr'>ἔ</span> 
     </span>
     <span class='ocr_line' id='line_1_24' title="bbox 561 2179 2228 2263; baseline -0.007 -14"><span class='ocrx_word' id='word_1_191' title='bbox 561 2209 736 2249; x_wconf 88' lang='lat' dir='ltr'><strong>annon</strong></span> <span class='ocrx_word' id='word_1_192' title='bbox 762 2191 870 2244; x_wconf 88' lang='lat' dir='ltr'><strong>dici</strong></span> <span class='ocrx_word' id='word_1_193' title='bbox 896 2191 1094 2263; x_wconf 84' lang='lat' dir='ltr'><strong>potest,</strong></span> <span class='ocrx_word' id='word_1_194' title='bbox 1128 2204 1385 2262; x_wconf 86' lang='lat' dir='ltr'><strong>quantum</strong></span> <span class='ocrx_word' id='word_1_195' title='bbox 1428 2187 1621 2260; x_wconf 81' lang='lat' dir='ltr'><strong>guttula</strong></span> <span class='ocrx_word' id='word_1_196' title='bbox 1645 2183 1706 2238; x_wconf 83' lang='lat' dir='ltr'>A</span> <span class='ocrx_word' id='word_1_197' title='bbox 1740 2179 1932 2236; x_wconf 86' lang='lat' dir='ltr'><strong>sursum</strong></span> <span class='ocrx_word' id='word_1_198' title='bbox 1959 2180 2174 2236; x_wconf 82' lang='lat' dir='ltr'><strong>trahitur</strong></span> <span class='ocrx_word' id='word_1_199' title='bbox 2199 2199 2228 2237; x_wconf 86' lang='lat' dir='ltr'><strong>a</strong></span> 
     </span>
     <span class='ocr_line' id='line_1_25' title="bbox 567 2267 2230 2348; baseline -0.007 -14"><span class='ocrx_word' id='word_1_200' title='bbox 567 2280 809 2334; x_wconf 66' lang='lat' dir='ltr'><strong>contadtu</strong></span> <span class='ocrx_word' id='word_1_201' title='bbox 849 2278 1172 2348; x_wconf 79' lang='lat' dir='ltr'><strong>peripherIae</strong></span> <span class='ocrx_word' id='word_1_202' title='bbox 1205 2276 1482 2346; x_wconf 85' lang='lat' dir='ltr'><strong>superioris</strong></span> <span class='ocrx_word' id='word_1_203' title='bbox 1522 2310 1541 2337; x_wconf 61' lang='lat' dir='ltr'>r</span> <span class='ocrx_word' id='word_1_204' title='bbox 1592 2267 1901 2322; x_wconf 78' lang='lat' dir='ltr'><strong>tantundem</strong></span> <span class='ocrx_word' id='word_1_205' title='bbox 1922 2268 2056 2323; x_wconf 85' lang='lat' dir='ltr'><strong>trahi</strong></span> <span class='ocrx_word' id='word_1_206' title='bbox 2083 2268 2230 2323; x_wconf 86' lang='lat' dir='ltr'><strong>illam</strong></span> 
     </span>
     <span class='ocr_line' id='line_1_26' title="bbox 568 2353 2232 2434; baseline -0.005 -17"><span class='ocrx_word' id='word_1_207' title='bbox 568 2379 776 2434; x_wconf 78' lang='lat' dir='ltr'><strong>quoque</strong></span> <span class='ocrx_word' id='word_1_208' title='bbox 803 2359 1044 2416; x_wconf 85' lang='lat' dir='ltr'><strong>deorsum</strong></span> <span class='ocrx_word' id='word_1_209' title='bbox 1081 2380 1108 2415; x_wconf 92' lang='lat' dir='ltr'><strong>a</strong></span> <span class='ocrx_word' id='word_1_210' title='bbox 1152 2361 1392 2415; x_wconf 60' lang='lat' dir='ltr'><strong>contactu</strong></span> <span class='ocrx_word' id='word_1_211' title='bbox 1427 2353 1686 2409; x_wconf 81' lang='lat' dir='ltr'><strong>inferioris</strong></span> <span class='ocrx_word' id='word_1_212' title='bbox 1722 2372 1733 2406; x_wconf 90' lang='lat'>:</span> <span class='ocrx_word' id='word_1_213' title='bbox 1784 2354 2049 2409; x_wconf 87' lang='lat' dir='ltr'><strong>destruere</strong></span> <span class='ocrx_word' id='word_1_214' title='bbox 2069 2355 2232 2428; x_wconf 85' lang='lat' dir='ltr'><strong>igitur</strong></span> 
     </span>
     <span class='ocr_line' id='line_1_27' title="bbox 567 2440 2222 2505; baseline -0.005 -4"><span class='ocrx_word' id='word_1_215' title='bbox 567 2448 621 2501; x_wconf 89' lang='lat' dir='ltr'><strong>se</strong></span> <span class='ocrx_word' id='word_1_216' title='bbox 645 2448 875 2500; x_wconf 81' lang='lat' dir='ltr'><strong>inuicem</strong></span> <span class='ocrx_word' id='word_1_217' title='bbox 902 2449 1202 2499; x_wconf 82' lang='lat' dir='ltr'><strong>contrarias</strong></span> <span class='ocrx_word' id='word_1_218' title='bbox 1226 2443 1507 2496; x_wconf 65' lang='lat' dir='ltr'><strong>tractio-nes</strong></span> <span class='ocrx_word' id='word_1_219' title='bbox 1532 2481 1545 2505; x_wconf 85' lang='lat'>‚</span> <span class='ocrx_word' id='word_1_220' title='bbox 1587 2452 1639 2493; x_wconf 85' lang='lat' dir='ltr'><strong>et</strong></span> <span class='ocrx_word' id='word_1_221' title='bbox 1665 2458 1779 2494; x_wconf 80' lang='lat' dir='ltr'><strong>rem</strong></span> <span class='ocrx_word' id='word_1_222' title='bbox 1815 2457 2036 2494; x_wconf 89' lang='lat' dir='ltr'><strong>omnem</strong></span> <span class='ocrx_word' id='word_1_223' title='bbox 2065 2440 2222 2494; x_wconf 87' lang='lat' dir='ltr'><strong>resol-</strong></span> 
     </span>
     <span class='ocr_line' id='line_1_28' title="bbox 572 2519 2230 2600; baseline -0.004 -15"><span class='ocrx_word' id='word_1_224' title='bbox 572 2534 620 2587; x_wconf 88' lang='lat' dir='ltr'><strong>ui</strong></span> <span class='ocrx_word' id='word_1_225' title='bbox 642 2532 697 2584; x_wconf 88' lang='lat' dir='ltr'><strong>in</strong></span> <span class='ocrx_word' id='word_1_226' title='bbox 729 2529 1079 2600; x_wconf 79' lang='lat' dir='ltr'><strong>peripheriam</strong></span> <span class='ocrx_word' id='word_1_227' title='bbox 1105 2524 1207 2586; x_wconf 86' lang='lat' dir='ltr'><strong>FG</strong></span> <span class='ocrx_word' id='word_1_228' title='bbox 1233 2570 1246 2594; x_wconf 82' lang='lat'>,</span> <span class='ocrx_word' id='word_1_229' title='bbox 1288 2542 1420 2597; x_wconf 80' lang='lat' dir='ltr'><strong>quae</strong></span> <span class='ocrx_word' id='word_1_230' title='bbox 1445 2541 1553 2577; x_wconf 87' lang='lat' dir='ltr'><strong>non</strong></span> <span class='ocrx_word' id='word_1_231' title='bbox 1584 2525 1795 2578; x_wconf 73' lang='lat' dir='ltr'><strong>sufficiat</strong></span> <span class='ocrx_word' id='word_1_232' title='bbox 1821 2526 2065 2580; x_wconf 87' lang='lat' dir='ltr'><strong>altitudini</strong></span> <span class='ocrx_word' id='word_1_233' title='bbox 2088 2519 2230 2584; x_wconf 69' lang='lat' dir='ltr'><strong>FB?</strong></span> 
     </span>
     <span class='ocr_line' id='line_1_29' title="bbox 575 2609 2232 2687; baseline -0.004 -15"><span class='ocrx_word' id='word_1_234' title='bbox 575 2616 670 2672; x_wconf 80' lang='lat' dir='ltr'><strong>An</strong></span> <span class='ocrx_word' id='word_1_235' title='bbox 707 2615 934 2668; x_wconf 87' lang='lat' dir='ltr'><strong>omnin-o</strong></span> <span class='ocrx_word' id='word_1_236' title='bbox 983 2614 1173 2687; x_wconf 79' lang='lat' dir='ltr'><strong>negligi</strong></span> <span class='ocrx_word' id='word_1_237' title='bbox 1224 2613 1383 2666; x_wconf 82' lang='lat' dir='ltr'><strong>debet</strong></span> <span class='ocrx_word' id='word_1_238' title='bbox 1410 2609 1538 2663; x_wconf 78' lang='lat' dir='ltr'><strong>haec</strong></span> <span class='ocrx_word' id='word_1_239' title='bbox 1583 2610 1880 2681; x_wconf 76' lang='lat' dir='ltr'><strong>superficies</strong></span> <span class='ocrx_word' id='word_1_240' title='bbox 1902 2611 1955 2667; x_wconf 94' lang='lat' dir='ltr'>D</span> <span class='ocrx_word' id='word_1_241' title='bbox 1984 2609 2232 2666; x_wconf 86' lang='lat' dir='ltr'><strong>deorsum</strong></span> 
     </span>
     <span class='ocr_line' id='line_1_30' title="bbox 574 2695 2231 2771; baseline -0.006 -11"><span class='ocrx_word' id='word_1_242' title='bbox 574 2702 786 2760; x_wconf 77' lang='lat' dir='ltr'><strong>trahens</strong></span> <span class='ocrx_word' id='word_1_243' title='bbox 815 2695 837 2754; x_wconf 72' lang='grc' dir='ltr'><strong><em>ζ</em></strong></span> <span class='ocrx_word' id='word_1_244' title='bbox 864 2713 913 2756; x_wconf 87' lang='lat' dir='ltr'><strong>et</strong></span> <span class='ocrx_word' id='word_1_245' title='bbox 928 2737 942 2770; x_wconf 67' lang='lat'>2</span> <span class='ocrx_word' id='word_1_246' title='bbox 966 2717 1058 2755; x_wconf 82' lang='lat' dir='ltr'><strong>cur</strong></span> <span class='ocrx_word' id='word_1_247' title='bbox 1085 2717 1150 2755; x_wconf 90' lang='lat' dir='ltr'><strong>eo</strong></span> <span class='ocrx_word' id='word_1_248' title='bbox 1189 2699 1301 2755; x_wconf 87' lang='lat' dir='ltr'><strong>casu</strong></span> <span class='ocrx_word' id='word_1_249' title='bbox 1325 2698 1544 2754; x_wconf 82' lang='lat' dir='ltr'><strong>altitudo</strong></span> <span class='ocrx_word' id='word_1_250' title='bbox 1568 2714 1736 2771; x_wconf 81' lang='lat' dir='ltr'><strong>aquae</strong></span> <span class='ocrx_word' id='word_1_251' title='bbox 1759 2735 1779 2768; x_wconf 58' lang='lat'><em>2</em></span> <span class='ocrx_word' id='word_1_252' title='bbox 1824 2714 1935 2754; x_wconf 81' lang='lat' dir='ltr'><strong>non</strong></span> <span class='ocrx_word' id='word_1_253' title='bbox 1959 2697 2016 2755; x_wconf 82' lang='lat' dir='ltr'><strong>fit</strong></span> <span class='ocrx_word' id='word_1_254' title='bbox 2037 2698 2231 2762; x_wconf 70' lang='lat' dir='ltr'><strong>mai-or,</strong></span> 
     </span>
    </p>
   </div>
   <div class='ocr_carea' id='block_1_3' title="bbox 2154 2781 2234 2838">
    <p class='ocr_par' dir='ltr' id='par_1_4' title="bbox 2154 2781 2234 2838">
     <span class='ocr_line' id='line_1_31' title="bbox 2154 2781 2234 2838; baseline -0.013 0"><span class='ocrx_word' id='word_1_255' title='bbox 2154 2781 2234 2838; x_wconf 82' lang='lat' dir='ltr'><strong>ob</strong></span> 
     </span>
    </p>
   </div>
   <div class='ocr_carea' id='block_1_4' title="bbox 283 1376 520 1436">
    <p class='ocr_par' dir='ltr' id='par_1_5' title="bbox 283 1376 520 1436">
     <span class='ocr_line' id='line_1_32' title="bbox 283 1376 520 1436; baseline 0 -12"><span class='ocrx_word' id='word_1_256' title='bbox 283 1376 520 1436; x_wconf 63' lang='lat' dir='ltr'><strong>FigXlIl</strong></span> 
     </span>
    </p>
   </div>
  </div>
 </body>
</html>
