2393 3590
160 1165 266 1228 Fig.
301 1167 342 1217 Ῑ.

472 218 560 303 84
929 207 1045 272 DE
1076 186 1662 277 PLANETARVM

471 373 684 431 tionem
721 372 879 444 igitur
907 371 1126 430 alicuius
1150 370 1328 448 anguli
1358 368 1691 444 tempusculo
1722 367 1935 427 infinite
1960 387 2127 445 paruo

469 464 660 519 saetam
686 461 901 518 vocabo
923 460 1244 517 mutationem
1269 467 1673 515 momentaneam.
1757 458 1898 515 Item
1924 476 2128 530 arcum,

472 566 628 621 quem
653 549 866 622 planeta
891 566 959 603 ex
982 548 1089 603 sole
1102 546 1233 602 visus
1249 544 1578 617 tempusculo
1595 544 1800 600 infinite
1822 563 1991 619 paruo
2007 564 2130 621 per-

473 652 690 692 currere
710 637 1019 708 supponitur
1046 671 1062 703 ‚
1125 634 1214 688 vel
1237 634 1474 690 eiusdem
1513 631 2016 704 correspondentem
2042 651 2128 687 an-

473 724 657 796 gulum
681 726 746 781 ad
772 723 939 780 solem
981 765 995 793 ‚
1059 721 1275 776 vocabo
1312 720 1551 793 planetae
1603 716 1965 772 incrementum
2020 735 2121 773 an.

459 810 654 882 gulare.

629 912 686 975 4.
775 893 1107 952 Mutationes
1141 897 1527 945 momentaneae
1548 886 1860 960 argulomtm,
1888 891 1935 946 in
1962 889 2136 946 tm'an.

460 981 576 1055 gulo
593 978 1030 1054 petrallaHic0,ad
1045 978 1270 1051 planetas
1279 976 1630 1052 stationarios,
1668 986 1753 1031 ant
1779 977 2018 1052 aequales
2051 977 2130 1033 in-

471 1066 732 1123 crementis
769 1065 996 1140 adsolent
1020 1062 1343 1137 angularibus
1373 1061 1531 1117 eodem
1556 1061 2035 1137 tempufinlofaelis,

623 1153 912 1223 Triangulo
963 1150 1292 1223 parallaffico
1343 1145 1471 1205 OSI
1525 1148 1824 1204 stationario
1881 1152 2132 1223 iungatur

471 1241 614 1298 aliud
636 1238 767 1308 Osi,
806 1241 857 1293 in
885 1239 1030 1310 quod
1062 1236 1312 1290 nimirum
1335 1233 1482 1307 prius
1507 1235 1820 1302 triangulum
1846 1232 1973 1291 OSI
2004 1235 2123 1308 post

464 1326 848 1400 tempusculum
879 1324 1081 1379 infinite
1105 1337 1326 1392 paruum
1355 1317 1534 1374 abiiffe
1560 1318 1882 1374 censendum
1909 1322 1994 1377 est:
2029 1318 2128 1376 Ob

460 1415 702 1470 stationis
754 1424 991 1466 naturam
1040 1409 1137 1462 erit
1172 1406 1312 1461 linea
1346 1404 1536 1461 visoria
1564 1403 1632 1460 IS
1659 1406 1908 1476 parallela
1937 1407 2032 1477 ipfi
2061 1407 2127 1460 is.

464 1499 593 1561 Fiat
634 1516 809 1571 porro
852 1494 931 1552 SP
966 1494 1215 1567 parallela
1250 1494 1416 1547 lineae
1453 1488 2006 1566 Os‚etR1para11ela
2039 1492 2133 1565 ipfi

464 1585 544 1644 Oi
569 1630 582 1656 ,
636 1600 695 1641 vt
725 1584 974 1641 habeatur
1014 1581 1228 1655 angulns
1255 1579 1440 1635 PSI:
1461 1595 1584 1651 ang.
1610 1575 1748 1645 OSi,
1772 1579 1897 1632 item
1923 1579 2131 1647 angulus

463 1672 756 1741 Oiszang.
791 1666 908 1726 RIS
934 1711 948 1737 ,
994 1681 1046 1722 et
1082 1680 1353 1741 praeterea
1395 1664 1618 1738 angulus
1645 1661 1863 1720 PSO:
1887 1660 2130 1733 ang.SOs

464 1760 782 1832 angulusque
801 1754 1011 1814 RIO:
1022 1770 1135 1824 ang.
1160 1751 1278 1809 IOi.
1372 1749 1502 1806 Sunt
1524 1765 1698 1806 autem
1727 1749 1895 1819 anguli
1923 1747 2064 1805 PSO
2082 1763 2134 1804 ct

458 1844 595 1903 RIO
636 1847 958 1899 mutationes
993 1854 1399 1897 momentaneae
1446 1837 1759 1907 angulorum
1799 1836 1866 1891 ad
1895 1836 2132 1908 planetas

459 1933 778 1987 statonarios
812 1972 827 1999 ,
881 1944 932 1985 et
975 1929 1144 2003 anguli
1191 1925 1311 1983 SOs
1345 1938 1505 1996 atque
1530 1922 1634 1980 102·
1660 1922 1776 1978 sunt
1805 1925 2132 1977 incrementa

465 2020 529 2072 ad
555 2017 718 2072 solem
745 2018 1013 2088 angularia
1036 2059 1050 2085 ,
1085 2030 1215 2084 ergo
1251 2013 1379 2068 haec
1412 2012 1511 2066 illis
1537 2011 1773 2084 aequalia
1804 2009 1919 2065 sunt
1955 2008 2132 2063 statio-

462 2121 593 2159 num
614 2117 875 2173 tempore.
962 2100 1040 2174 Q,
1073 2101 1134 2154 E.
1179 2099 1257 2152 D.

633 2201 677 2263 5.
765 2188 853 2242 Ex
894 2184 1000 2239 sola
1043 2183 1365 2253 inspestione
1399 2180 1608 2249 figurae
1641 2224 1655 2250 7
1698 2199 1794 2254 qua
1819 2183 1882 2236 ad
1910 2180 2133 2234 demon-

466 2277 771 2332 strationem
792 2272 905 2328 vsus
933 2270 1040 2324 sum
1060 2313 1074 2339 ,
1100 2269 1580 2341 intelligitur,vnam
1620 2271 1967 2323 mutationem
2001 2283 2131 2320 mo·

468 2377 799 2417 mentaneam
835 2360 939 2412 este
974 2358 1278 2428 priuatiuam
1307 2396 1320 2422 ‚
1361 2352 1398 2406 fi
1435 2354 1591 2407 altera
1625 2353 1688 2409 fit
1723 2355 1960 2426 pofitiua,
2046 2353 2132 2411 Vt

465 2449 593 2503 haec
621 2447 893 2502 diuerfitas
920 2445 1162 2509 tollatur,
1182 2458 1282 2513 pro
1310 2439 1499 2513 angulo
1537 2440 1597 2494 ad
1625 2442 1891 2512 planetam
1918 2437 2132 2494 inferio-

465 2553 582 2590 rem
618 2530 797 2607 (OIS)
829 2529 1093 2601 vfurpabo
1133 2528 1363 2583 eiusdem
1388 2526 1640 2599 deinceps
1666 2529 1903 2598 pofitum
1928 2568 1942 2593 ‚
1978 2527 2129 2582 cuius

467 2621 848 2692 consequenter
874 2618 1089 2670 mutatio
1116 2630 1492 2669 momentanea
1521 2616 1716 2668 eodem
1737 2613 1881 2683 figat)
1911 2613 2120 2682 gaudet,

466 2726 571 2779 quo
605 2722 658 2761 ct
697 2707 857 2761 altera
893 2704 956 2757 ad
993 2702 1307 2774 superiorem
1338 2702 1621 2773 planetam.
1744 2700 1806 2754 Id
1853 2712 2128 2767 praeterea

465 2811 672 2868 quoque
696 2805 853 2868 patet,
882 2791 981 2848 effe
1000 2791 1133 2846 hune
1159 2789 1405 2862 deinceps
1420 2787 1650 2861 pofitum
1666 2785 1893 2842 stationis
1913 2798 2127 2856 tempo-

2065 2889 2127 2926 re
