2393 3590
687 75 1177 143 CAPILLARIB
1187 80 1306 147 VS.
1695 102 1821 171 247

168 245 278 312 'nor
314 245 480 317 itaque
513 280 530 308 ,
567 240 849 294 autminus
872 239 1074 311 repleta
1100 239 1236 295 basis
1265 239 1339 295 est
1365 282 1380 309 ,
1437 256 1596 315 quam
1618 240 1830 317 globuli

168 338 400 394 formant
422 327 692 392 maiores,
734 342 796 380 ac
830 324 989 380 altera
1023 327 1324 382 minoribus
1353 326 1591 385 formata.
1640 325 1828 402 Quod-

168 421 207 480 s1
240 421 395 493 igitur
425 413 658 468 maiores
682 409 793 466 sunt
817 415 989 484 aqueis
1009 413 1214 484 globuli
1243 429 1402 468 aereo
1429 415 1825 487 aetheri,se6tio

168 506 334 565 tubuli
352 497 690 576 globulis-istis
705 497 947 555 deorsum
966 501 1329 573 prementibus
1344 503 1513 558 minus
1534 505 1825 578 adaequate

166 594 325 670 plena
342 589 472 654 erit,
506 599 664 655 quam
690 586 863 657 aqueis
890 585 1079 643 sursum
1108 589 1430 658 vrgentibus.
1533 588 1682 647 Hinc
1708 592 1815 646 ele-

167 682 313 738 uatio
339 719 354 746 ,
381 674 551 727 donec
578 669 781 726 aliunde
803 672 988 729 redeat
1013 675 1394 747 aequilibrium.
1479 670 1630 749 Quae
1643 689 1824 735 autem

174 766 314 825 ratio
345 772 522 832 aquam
562 755 731 812 eleuat
753 759 802 812 in
819 759 988 816 fistula
1014 763 1177 817 fluido
1199 762 1688 833 immersa,eandem
1711 765 1827 821 vult

175 852 277 910 effe
295 843 608 920 suspensionis
634 845 853 900 cauffam
881 888 896 914 ,
939 849 991 901 in
1027 850 1215 905 eadem
1241 853 1488 907 extracta.
1574 850 1823 925 Cumque

178 934 454 997 mercurius
497 946 661 1000 aeque
703 946 764 985 ac
803 942 1007 985 caetera
1052 936 1216 989 fluida
1246 935 1586 1009 suspendatur
1626 975 1642 1007 ‚
1704 937 1822 992 vult

179 1022 385 1081 eandem
421 1016 673 1072 mercurii
705 1028 758 1072 et
791 1027 1101 1073 ceterorum
1134 1019 1426 1077 fluidorum
1464 1023 1660 1079 sortem
1699 1022 1824 1085 effe.

172 1109 569 1168 Phaenomenon
615 1120 751 1163 vero
779 1104 1059 1170 mercurii,
1092 1104 1232 1158 intra
1277 1106 1499 1160 fistulam
1542 1111 1823 1166 mercurio

166 1190 406 1259 mersam,
442 1190 669 1263 depreffi
693 1191 867 1264 potius
890 1187 1026 1245 infra
1051 1191 1311 1260 libellam,
1357 1209 1512 1262 quam
1539 1195 1723 1251 eleuati
1749 1197 1825 1250 su-

159 1296 255 1353 pra
275 1279 529 1343 eandem,
568 1277 778 1332 aliunde
804 1277 1002 1331 deriuat
1026 1297 1042 1345 3
1070 1292 1243 1346 ratuS‚
1278 1278 1609 1334 mercurium
1634 1282 1683 1333 in
1703 1284 1822 1337 vase

159 1377 472 1419 contentum
506 1375 650 1418 tanta
690 1364 741 1416 vi
779 1364 844 1417 ad
874 1361 923 1416 se
964 1364 1173 1419 trahere
1193 1366 1545 1437 mercurium,
1577 1380 1634 1422 vt
1657 1379 1710 1422 ct
1736 1385 1823 1424 re-

155 1449 285 1509 sistat
305 1449 479 1521 priori
505 1445 725 1515 cauffae,
743 1460 799 1501 et
826 1450 1047 1504 eandem
1074 1452 1314 1507 excedat.

298 1533 484 1593 XVII,
572 1532 728 1589 Idem
763 1535 871 1593 Vir
896 1530 977 1591 Cl.
1013 1538 1209 1595 eodem
1232 1539 1819 1617 temporeseqztentibus

160 1621 461 1696 hypothesin
483 1620 625 1676 suam
644 1618 997 1698 phaenomenis
1023 1626 1292 1697 applicuit.
1382 1622 1709 1684 Obseruauit
1739 1649 1753 1681 ε

375 1721 398 1762 1
421 1705 827 1782 5.Altitudinem
855 1706 1070 1780 liquoris
1106 1711 1260 1787 supra
1296 1714 1531 1770 libellam
1559 1715 1665 1772 effe
1693 1733 1819 1771 con-

157 1799 367 1856 stantem
384 1834 400 1866 ‚
438 1796 548 1852 fiue
572 1795 792 1850 fistulam
819 1789 1088 1866 profunde
1106 1816 1340 1873 mergaS,
1382 1802 1484 1856 siue
1508 1801 1644 1857 secus
1662 1823 1678 1871 ·,
1695 1805 1814 1876 quin

154 1884 260 1942 imo
284 1884 443 1939 etiam
481 1925 496 1952 ,
562 1898 678 1937 cum
715 1881 1011 1939 extrahatur
1033 1885 1278 1961 tubulu53
1317 1904 1419 1959 quo
1442 1889 1495 1942 in
1522 1889 1636 1943 casu
1662 1889 1814 1963 saepe

153 1968 374 2038 accidat,
411 1984 467 2025 vt
486 1971 535 2024 in
563 1970 909 2025 extremitate
931 1969 1097 2025 tubuli
1122 1985 1266 2041 gutta
1285 1974 1513 2044 pendeat
1541 1993 1722 2048 aquea.

378 2073 399 2112 1
415 2053 640 2117 6,Hanc
664 2056 915 2130 guttulam
943 2058 1193 2128 diminui,
1236 2059 1564 2117 fiinclinetur
1587 2063 1813 2134 tubulus;

149 2144 285 2218 quod
313 2161 440 2217 aqua
478 2143 675 2199 tamdiu
715 2143 942 2198 fistulam
972 2146 1303 2218 ingrediatur
1328 2184 1341 2215 ‚
1394 2149 1564 2204 donec
1589 2152 1809 2205 altitudo

144 2232 600 2305 perpendicularis
637 2233 692 2286 in
729 2230 904 2286 fistula
953 2233 1201 2288 inclinata
1251 2249 1498 2308 aequetur
1552 2237 1811 2292 altitudini

145 2320 327 2393 priori.

389 2417 457 2479 17
471 2406 845 2466 .Euanescente
887 2410 1084 2477 guttula
1118 2410 1386 2480 liquorem
1428 2427 1539 2466 non
1578 2412 1813 2485 amplius

147 2490 410 2550 ascendere
433 2537 448 2563 ‚
475 2494 563 2548 etsi
591 2508 843 2567 augeatur
872 2496 1136 2552 inclinatio
1170 2534 1184 2564 ,
1232 2498 1322 2553 nisi
1347 2499 1501 2555 tubus
1528 2499 1703 2554 versus
1732 2504 1805 2555 su-

148 2581 353 2647 periora
394 2583 628 2636 striciior
677 2581 829 2635 fuerit
867 2603 881 2650 3
928 2601 1030 2657 quo
1070 2586 1121 2638 in
1160 2589 1272 2639 calu
1307 2587 1485 2661 liquor
1515 2604 1627 2649 non
1648 2588 1805 2643 cesset

147 2668 407 2739 progredi,
452 2668 696 2742 quamdiu
721 2668 932 2728 tubulus
959 2672 1255 2734 inclinetur.

1730 2757 1800 2819 18

1848 1746 2023 1811 Phaen.
2041 1769 2064 1811 1
2082 1765 2110 1833 ς

1945 2108 2039 2167 16.
