2393 3590
588 175 709 236 312
796 156 913 220 DE
957 153 1141 220 VLT.
1189 152 1568 219 VELOCIT.
1606 149 2068 224 CORPORVM

1113 315 1293 396 Pars
1394 318 1450 403 S
1456 313 1718 395 ecmzda

690 486 819 566 De
871 491 1156 570 vltimis
1220 487 1756 568 velocitatibus
1811 512 2231 598 corporum

577 615 650 693 in
675 615 939 697 mediis
969 615 1485 699 resistentibus,

1360 826 1401 883 I..

742 966 943 1026 Idimus
970 985 1039 1025 ex
1059 966 1490 1045 praecedentibus
1525 968 1803 1040 quomodo
1838 969 2147 1029 aestimanda
2170 974 2234 1031 fit

571 979 738 1117 V
777 1074 842 1113 ex
879 1058 1130 1131 grauitate
1167 1071 1220 1111 et
1265 1054 1536 1109 velocitate
1574 1054 1856 1113 fluidorum
1873 1052 1899 1126 ⁹,
1942 1059 2233 1115 eorundem

572 1145 793 1217 preffio:
830 1145 888 1200 In
923 1142 1252 1213 sequentibus
1280 1139 1421 1194 dabo
1449 1141 1706 1196 mensuras
1731 1142 2016 1200 effectuum
2044 1183 2060 1211 ,
2096 1162 2233 1218 quos

570 1229 860 1285 huiusmodi
883 1227 1168 1300 preffiones
1186 1227 1482 1299 producere
1496 1226 1671 1279 valent
1699 1228 1753 1280 in
1792 1229 2004 1285 diuersis
2029 1247 2231 1303 corpo-

571 1316 718 1371 ribus
755 1316 914 1370 variis
949 1313 1153 1386 legibus
1187 1311 1367 1370 moris,
1457 1304 1610 1363 Haec
1643 1322 1812 1365 autem
1850 1311 2072 1369 secunda
2107 1334 2231 1386 pars

571 1400 928 1457 considerabit
956 1397 1289 1468 potissimum
1327 1411 1561 1467 corpora
1605 1396 1659 1451 in
1691 1397 1881 1452 statum
1921 1415 2229 1472 permanen-

568 1501 683 1543 tem
712 1501 760 1543 et
779 1483 1139 1542 inuariabilem
1164 1481 1332 1557 posita
1358 1505 1369 1539 ;
1410 1482 1613 1538 tametfi
1641 1483 1785 1536 enim
1814 1500 2052 1557 corpora
2070 1488 2125 1538 vi
2139 1503 2223 1542 ae-

569 1574 759 1646 quabili
785 1570 1058 1625 sollicitata
1079 1571 1129 1624 in
1152 1569 1338 1625 mediis
1361 1568 1710 1624 resistentibus
1734 1585 1997 1640 nunquam
2031 1586 2223 1640 perue-

569 1663 707 1715 niant
758 1675 826 1713 ex
860 1658 1032 1727 quiete
1066 1657 1130 1710 ad
1167 1656 1352 1710 statum
1379 1665 1802 1727 permanentem,
1854 1666 2083 1709 attamen
2105 1655 2221 1728 ple-

563 1762 795 1817 rumque
835 1743 1068 1797 citiffime
1103 1743 1165 1796 ad
1198 1742 1344 1797 illum
1384 1754 1706 1811 conuergunt
1732 1782 1746 1808 ,
1785 1742 1855 1794 ita
1895 1753 1955 1794 vt
1983 1739 2229 1816 deinceps

566 1833 714 1888 nulla
751 1830 998 1886 senfibilis
1032 1827 1322 1883 differentia
1357 1829 1407 1882 in
1444 1841 1596 1883 motu
1639 1842 1938 1898 corporum
1964 1825 2227 1883 obseruari

564 1917 744 1992 poffit.
834 1914 1124 1973 Caeterum
1149 1916 1256 1971 iam
1280 1917 1462 1971 monui
1486 1913 1822 1969 resistentiam
1849 1954 1864 1982 ,
1921 1929 2085 1985 quam
2110 1930 2227 1970 cor-

559 2021 696 2078 pora
735 2003 789 2056 in
825 2015 979 2056 motu
1017 2001 1106 2055 suo
1143 2018 1172 2055 a
1208 2000 1378 2055 fluidis
1420 2000 1776 2072 stagnantibus
1805 2000 2084 2070 patiuntur,
2113 2016 2227 2055 non

564 2088 774 2145 differre
811 2105 838 2141 a
873 2086 1135 2158 preffione
1169 2086 1455 2139 fluidorum
1490 2086 1680 2138 eadem
1713 2082 2001 2137 velocitate
2038 2097 2223 2140 contra

562 2192 761 2249 corpus
785 2171 1052 2247 quiescens
1075 2183 1368 2224 motorum.

720 2261 793 2320 ΙΙ.
885 2257 938 2313 Si
959 2260 1010 2314 in
1028 2256 1413 2314 fluidoinfinito
1440 2269 1672 2325 corpora
1695 2254 1950 2327 grauitate
1964 2254 2051 2310 sua
2069 2255 2222 2311 deor-

564 2347 674 2402 sum
702 2360 987 2401 mouentur
1013 2388 1033 2415 .‚
1079 2352 1405 2414 conuergunt
1427 2341 1493 2394 ad
1520 2340 1660 2394 illum
1688 2342 1907 2410 statum,
1950 2357 2063 2414 quo
2091 2342 2210 2397 resr-

567 2433 745 2486 stentia
781 2432 1003 2502 aequalis
1039 2431 1111 2484 est
1144 2428 1372 2484 eiusdem
1414 2426 1918 2497 ponderiinfiuido,
2003 2426 2222 2484 Pondus

564 2519 804 2589 equidem
825 2515 1159 2581 constansest‚
1174 2528 1510 2584 quaecunque
1528 2511 1584 2566 fit
1598 2512 1771 2585 figura
1793 2513 2223 2586 corporiS‚modo

560 2604 750 2660 habeat
784 2601 1003 2656 eandem
1041 2599 1265 2655 molem.
1361 2594 1464 2651 Sed
1496 2598 1778 2652 resistentia
1814 2599 1865 2651 in
1903 2599 2219 2670 corporibus

497 2761 501 2765 1
565 2688 793 2745 diueri'ae
818 2688 1020 2761 figurae
1050 2685 1195 2740 varia
1219 2684 1303 2738 est.
1321 2676 1453 2738 Nos
1475 2700 1609 2738 vero
1636 2684 2085 2741 considerabimus
2111 2700 2220 2740 tan-

2104 2783 2218 2827 tum
