2393 3590
466 224 550 309 48
939 220 1056 284 DE
1143 222 1538 287 BJLANCJB
1549 221 1661 287 Vs.

463 379 511 449 d,
537 378 802 439 axiculum
833 380 1193 454 excipientem
1219 383 1726 455 perpendiculariter
1746 383 1862 459 agi,
1909 394 2133 459 totaque

470 466 649 523 bilanx
680 470 733 522 in
757 469 905 524 situm
941 469 1375 525 accurariffimum
1404 472 1531 542 poni
1548 471 1736 543 potest.

616 554 827 611 Vitium
860 573 991 610 vero
1026 557 1151 612 illud
1182 557 1462 612 leuioribus
1491 557 1656 631 scapis
1692 571 1745 612 et
1781 557 1948 631 aginis
1976 557 2126 612 doci-

469 640 809 696 masticatum
837 642 1114 698 bilancium
1136 640 1403 714 frequenS,
1436 646 1581 715 quod
1616 643 1717 698 scil.
1765 645 1995 699 axiculus
2028 658 2138 698 non

467 725 675 798 semper
701 729 767 782 ad
789 732 1037 799 punctum
1060 732 1226 783 imum
1259 743 1314 783 et
1339 730 1778 801 perpendiculare
1814 730 2134 785 foraminum

467 815 829 868 rotundorum
869 816 1052 882 aginae
1090 813 1355 868 descendit
1385 851 1399 881 ‚
1447 815 1536 868 sed
1572 816 1636 869 ad
1670 815 1979 870 alterutrum
2004 814 2137 869 latus
2199 878 2207 884 ,

468 901 689 973 persistit
713 936 727 965 ,
777 901 917 953 vnde
955 899 1178 966 lingulae
1213 899 1446 953 deuiatio
1478 901 1710 968 accidit,
1757 902 1967 972 penitus
1990 898 2139 967 ῐο11ἰ-υ

475 987 678 1052 tur,alio
692 984 866 1038 modo
886 983 973 1037 vix
1000 982 1322 1055 corrigibile.
1411 985 1528 1043 Hac
1552 989 1694 1043 enim
1719 989 1771 1041 in
1787 988 1935 1057 agina
1947 987 2139 1041 axicu-‘

471 1070 550 1124 lus
577 1069 784 1142 semper
811 1072 861 1125 in
887 1069 1099 1124 crenula
1124 1069 1204 1123 sua
1223 1070 1405 1124 haeret
1424 1086 1572 1143 atque
1597 1084 1869 1143 permanet
1899 1115 1914 1141 ,
1957 1074 2132 1127 etiam-

472 1155 512 1210 si
538 1156 705 1210 leuior
744 1157 802 1210 fit
829 1157 1002 1224 trabs,
1035 1156 1541 1226 perpendicularem
1580 1160 1705 1213 alias
1741 1157 2036 1214 descensum
2065 1157 2134 1212 ad

468 1242 634 1296 imum
659 1241 984 1298 foraminum
1009 1243 1194 1315 aginae
1211 1257 1440 1316 propter
1468 1245 1737 1301 leuitatem
1759 1261 2133 1318 nonnunquam

467 1328 696 1384 eludens.

619 1413 727 1476 28.
815 1414 1063 1490 Denique
1092 1414 1156 1472 ad
1186 1416 1328 1473 recte
1360 1415 1714 1476 instruendam
1744 1415 2007 1473 bilancem
2028 1416 2138 1472 hoc

416 1520 418 1523 ·
476 1505 651 1558 modo
677 1516 885 1576 agatur:

641 1604 687 1644 1,
774 1589 1095 1662 Dependeat
1119 1590 1267 1645 filum
1288 1599 1324 1666 p
1350 1608 1478 1647 cum
1505 1588 1833 1665 pondusculo
1851 1607 1919 1646 ex
1934 1589 2137 1645 acicula

472 1691 508 1728 n
545 1672 704 1748 super
741 1677 932 1732 rimam
970 1676 1251 1749 superioris
1296 1679 1595 1735 lamellulae
1634 1680 1688 1733 in
1732 1679 1909 1734 medio
1952 1678 2132 1749 aginae

474 1764 827 1822 constitutam.
915 1761 1082 1839 Quod
1109 1764 1144 1818 fi
1165 1763 1312 1818 filum
1335 1768 1457 1835 tegit
1479 1767 1614 1822 hanc
1636 1766 1860 1832 rimam,
1918 1774 1972 1816 et
1995 1778 2126 1816 con-

472 1846 705 1920 spet‘t-um
736 1849 864 1904 lucis
888 1849 1091 1904 inhibet
1117 1886 1132 1918 ,
1165 1850 1364 1906 inferne
1397 1869 1531 1907 vero
1568 1869 1786 1907 crenam
1822 1848 2024 1905 axiculo
2063 1848 2133 1904 di-

472 1947 643 1989 catam
669 1937 819 1990 etiam
850 1937 1118 2004 occultat,
1158 1936 1293 1991 bene
1323 1940 1416 1994 fita
1441 1939 1514 1994 est
1538 1942 1709 2009 agina,
1753 1951 1807 1993 et
1834 1936 2126 1992 correctio-

473 2036 544 2074 ne
576 2037 683 2074 non
705 2022 917 2092 indiget.
1008 2020 1108 2075 Sin
1136 2024 1338 2092 minus,
1380 2027 1795 2082 circumducatur
1841 2023 2127 2094 aliquantu-

475 2105 586 2160 lum
614 2122 773 2160 uncus
788 2105 1019 2175 superior
1046 2107 1478 2176 quadrangularis
1497 2110 1528 2162 k
1551 2151 1569 2179 ,
1599 2126 1844 2182 eousque,
1869 2110 2043 2165 donec
2066 2106 2132 2163 ad

479 2190 661 2246 datam
687 2207 934 2245 normam
960 2191 1258 2262 dependeat
1289 2193 1433 2248 filum
1451 2204 1511 2266 p,

638 2291 693 2332 2„
778 2275 1089 2348 Imponatur
1125 2276 1270 2331 trabs
1303 2296 1423 2334 cum
1461 2280 1857 2352 contrapondio
1902 2279 2134 2353 lingulae

479 2362 535 2416 in
576 2363 786 2434 aginam
817 2363 1008 2434 absque
1032 2363 1263 2418 cochleis
1301 2366 1571 2421 foemineis
1597 2367 1934 2422 etelateribus
1948 2381 2123 2422 extre-

477 2451 577 2503 mis
603 2448 742 2522 scapi
777 2451 979 2516 dicatiS,
1012 2463 1064 2504 et
1087 2451 1178 2506 fiat
1223 2492 1237 2519 ‚
1300 2465 1356 2505 vt
1380 2453 1570 2522 lingula
1599 2455 1653 2508 in
1676 2452 1816 2508 linea
1841 2455 1983 2509 rec'ta
2010 2471 2134 2509 cum

480 2535 616 2589 rima
663 2535 918 2608 superiori
962 2536 1203 2608 lucidas
1221 2540 1520 2608 conueniat,
1562 2540 1616 2596 id
1639 2543 1783 2612 quod
1807 2540 2133 2595 obtinebitur

483 2620 750 2677 demendo
781 2623 971 2694 aliquid
995 2623 1121 2678 lima
1146 2623 1212 2677 de
1241 2624 1456 2679 brachio
1483 2628 1955 2697 praeponderante.

635 2723 690 2781 3,
779 2702 1146 2764 Conuertatur
1169 2711 1346 2779 iugum
1371 2711 1470 2780 ita,
1509 2725 1566 2765 vt
1591 2712 1841 2767 sinistrum
1876 2711 2020 2782 quod
2042 2713 2137 2767 fuit

481 2793 780 2865 brachium,
802 2796 897 2851 fiat
925 2798 1170 2853 dextrum
1186 2810 1238 2853 et
1256 2795 1580 2869 obseruetur,
1598 2812 1773 2855 Vtrum
1798 2798 1933 2854 rima
1959 2799 2133 2854 lucida

2084 2898 2135 2940 et
