2393 3590
745 102 861 185 DE
899 101 1135 166 PENE.
1657 121 1771 187 377

135 290 258 336 vera
285 276 291 283 '
314 265 551 347 prostata
602 298 621 333 ,
689 275 775 320 aut
827 259 960 318 aliud
1030 257 1344 331 glandosum
1409 276 1607 337 corpus
1637 306 1654 335 ‚
1720 283 1787 322 an
1843 255 2072 332 pamm-0

140 377 272 421 vero
359 362 711 432 aggregatum
786 365 854 407 ex
938 342 1179 422 Cowperi
1263 348 1521 424 glandulis
1599 351 1783 408 dicen·
1822 329 2064 438 ωιζιξῇἐίἒξζ

141 451 269 509 dum
329 445 395 502 fit
438 483 454 512 ,
511 436 760 510 quoniam
817 448 1001 491 notum
1058 435 1134 492 est
1178 479 1196 508 ‚
1265 437 1318 492 in
1381 437 1446 492 iis
1520 440 1798 496 animanti·
1824 407 1849 447 g
1927 430 1933 436 ⁸
2065 425 2074 435 ’

142 538 239 595 bus
275 575 292 603 ,
331 545 462 602 quae
503 521 800 596 prostatam
842 522 1088 579 obtinent
1130 565 1146 592 ,
1198 522 1252 578 in
1282 539 1345 578 ea
1375 522 1622 581 vrethrae
1657 538 1801 602 parte

141 625 227 681 cui
252 616 553 693 agglutinata
585 607 660 663 est
693 650 709 679 ,
760 609 932 684 plures
957 608 1281 667 breuissimas
1306 609 1498 668 fistulas
1521 628 1696 671 aream
1727 614 1800 669 ef-

145 711 433 767 formantes
479 693 714 751 sociatim
756 698 974 770 aperiri.
1060 698 1110 755 E
1145 697 1422 769 conuersi),
1452 698 1562 754 duo
1590 699 1789 757 solum·
1824 738 1934 789 Eius
1945 742 2023 786 duo

150 793 316 853 modo
334 782 584 844 emissaria
608 782 674 838 ad
695 797 977 857 Vtrumque
1003 784 1133 842 latus
1154 784 1396 841 vrethrae
1416 786 1550 842 inter
1572 787 1712 846 hanc
1746 801 1800 845 et
1824 808 2048 869 emz‘ffarja.

150 879 357 936 bulbum
392 867 749 924 descendentia
769 911 783 938 ‚
831 876 1077 941 (quorum
1110 872 1372 928 sinistrum
1402 873 1600 930 dextro
1638 877 1797 949 paulo

147 963 343 1038 longius
367 954 463 1030 est)
498 955 687 1027 stylum
723 972 944 1010 aeneum
984 956 1251 1011 maiorem
1290 959 1626 1018 admittentia
1657 981 1790 1019 con-

144 1052 309 1125 spicua
331 1042 437 1100 sunt
464 1064 478 1100 ς
533 1037 639 1101 Ad
662 1040 818 1112 haec,
849 1043 1296 1098 verumontaniin
1319 1044 1577 1104 hocloco
1614 1050 1797 1107 absen-

141 1139 206 1195 tia
234 1154 249 1191 ς
311 1129 533 1204 diligens
586 1125 674 1185 sed
721 1127 1007 1184 frustranea
1041 1143 1166 1182 cum
1191 1128 1413 1184 aliarum
1443 1166 1457 1196 ,
1490 1144 1600 1188 tum
1642 1134 1796 1192 Cow.

130 1221 242 1297 peri
261 1217 624 1293 glandularum
650 1216 999 1288 inuestigatio:
1029 1213 1159 1271 item
1186 1215 1292 1271 duo
1317 1215 1554 1273 veficulis
1579 1219 1797 1278 semina-

137 1308 259 1365 libus
295 1304 510 1363 subieffll
542 1317 594 1361 et
629 1305 872 1374 contigua
910 1301 1137 1376 globosa
1172 1318 1455 1374 corpora,
1486 1321 1618 1376 quae
1657 1308 1797 1363 forte

136 1393 390 1470 prostatae
424 1393 571 1448 vices
591 1392 802 1464 replent
820 1414 846 1460 ·,
896 1387 1258 1446 difficultatem
1297 1389 1651 1462 supradietam
1690 1396 1785 1451 ad-

142 1497 315 1556 augere
332 1479 589 1538 videntur.
679 1473 1005 1551 Propterea,
1050 1495 1112 1533 an
1142 1478 1512 1551 glandularum
1551 1477 1792 1561 Cowperi

145 1569 311 1627 melius
336 1583 488 1640 quam
509 1566 779 1641 prostatae
811 1565 963 1623 idaea
996 1566 1096 1622 hac
1124 1566 1180 1620 in
1206 1580 1360 1640 parte
1392 1581 1651 1641 congruat
1690 1585 1790 1627 nec

146 1657 278 1727 ne,in
298 1653 450 1709 dubio
473 1653 801 1727 relinquitur.

275 1741 476 1800 Vltimo
500 1742 641 1796 circa
665 1739 810 1796 huius
835 1738 1114 1811 glandulae
1149 1737 1203 1793 in
1221 1740 1408 1796 medio
1426 1740 1786 1799 musculorum
1811 1763 1938 1812 Hanc
1952 1783 2033 1815 mu-

142 1828 531 1885 transuersalium
576 1827 809 1903 pofitum
851 1827 1092 1884 arbitrari
1122 1822 1199 1881 fas
1236 1828 1346 1899 est,
1393 1829 1446 1884 in
1475 1830 1561 1885 illa
1588 1832 1912 1890 astionesculi
1927 1846 2072 1885 trans·

144 1931 236 1988 qua
255 1913 307 1971 hi
326 1913 530 1973 musculi
554 1916 725 1971 inflati
757 1932 950 1989 penem
975 1911 1267 1985 retrahunt,
1303 1917 1619 1991 preffionem
1641 1935 1773 1990 quo·
1805 1903 1989 1995 “ersa{{‘

141 2017 227 2076 que
261 2003 472 2060 laterum
506 2000 774 2077 praefatae
808 2002 1079 2077 glandulae
1111 2000 1281 2074 effici,
1315 2004 1417 2059 fine
1441 2005 1780 2078 praeiudicio
1804 1980 2015 2081 ἷξῇἶξψ·

144 2100 304 2145 tamen
324 2090 450 2147 illius
470 2091 766 2162 potentiae,
797 2107 956 2163 quam
978 2090 1248 2148 inuolucra
1288 2089 1602 2149 muscularia
1636 2096 1684 2149 ei
1706 2093 1779 2151 su-

143 2176 748 2248 perextensaimmcdiate
767 2191 1033 2235 exercent.

275 2261 615 2321 Musculorum
659 2266 900 2335 alterum,
924 2265 1172 2322 omnium
1209 2267 1501 2323 maximum
1535 2283 1630 2339 par
1671 2309 1686 2336 ‚
1720 2267 1773 2322 in
1799 2267 1990 2332 Musculi

145 2344 298 2402 dorso
321 2351 462 2421 penis
485 2352 823 2427 conspicuum
861 2355 933 2411 est
956 2354 1051 2409 litt.
1080 2349 1200 2410 CC.
1239 2349 1437 2427 Singuli
1468 2356 1610 2409 enim
1649 2354 1772 2410 bra·
1799 2335 1947 2450 Pffnem
1961 2352 2040 2387 ‘²²‘-

144 2433 237 2488 chii
253 2433 458 2514 humani
483 2441 750 2498 craffitiem
773 2441 926 2497 facile
965 2453 1247 2513 aequantes
1274 2479 1288 2507 ‚
1326 2442 1609 2515 postquam
1648 2460 1748 2497 mer
1793 2414 1835 2448 to
1860 2409 2005 2456 lentes.

140 2520 299 2576 diante
335 2522 609 2595 ligamento
652 2527 820 2585 crasso
864 2544 1059 2585 nerueo
1092 2528 1193 2587 litt.
1241 2524 1295 2585 G
1362 2531 1591 2585 anterius
1623 2530 1770 2603 ligati

137 2603 272 2672 sunt,
303 2616 672 2682 praegrandem
693 2614 919 2671 maffam
931 2614 1335 2690 efformant,qua
1359 2617 1578 2670 dimidia
1603 2633 1772 2670 mem-

142 2691 222 2744 bri
242 2692 499 2766 longitudo
518 2705 760 2765 contecta
786 2703 883 2764 est.
975 2701 1136 2759 Toto
1178 2703 1421 2781 praefato
1458 2705 1625 2778 spatio
1659 2712 1768 2756 non

143 2772 286 2834 Tom.
312 2779 377 2837 11.
903 2788 954 2848 B
972 2789 1005 2845 b
1018 2789 1053 2846 b
1625 2790 1778 2847 aliter
