2393 3590
710 201 828 262 DE
911 197 1447 266 mmmmm.
1848 221 1925 287 41

263 380 399 422 nere
422 363 560 418 lanci
590 359 820 417 alterutri
844 358 1039 413 inied'to
1064 355 1366 416 dimouetur
1400 374 1430 410 e
1464 355 1556 411 situ
1583 353 1673 412 suo
1698 376 1924 434 perpen-

266 451 516 518 diculari,
564 447 651 504 sed
678 450 797 521 quia
821 447 947 502 illud
970 445 1144 518 impar
1176 445 1408 516 grauitati
1439 444 1691 516 lingulae,
1727 449 1935 523 erigere

266 537 402 594 hanc
423 537 620 610 nequit.

429 637 517 695 17.
605 622 835 683 Necesse
858 624 1020 694 itaque
1045 620 1138 688 est,
1177 633 1236 675 vt
1260 623 1706 692 contrapondium
1732 621 1841 677 hoc
1874 640 1925 677 a-

268 712 619 785 liquantulum
645 712 1044 784 praeponderet
1070 709 1294 781 lingulae
1313 751 1327 778 ,
1372 722 1423 763 et
1448 721 1596 764 curta
1607 710 1666 764 sit
1686 710 1791 764 eius
1810 728 1925 765 ma-

275 800 490 872 gnitudo
516 797 949 871 perpendicularis
966 833 981 863 ,
1019 813 1150 866 quae
1175 797 1493 851 aestimanda
1507 809 1560 850 et
1587 795 1938 852 mensuranda

273 886 344 941 ab
373 886 481 940 acie
505 883 753 940 inferiore
780 883 964 937 axiculi
992 882 1101 954 iugi
1128 882 1408 937 deorsum:
1439 900 1543 954 quo
1561 884 1699 939 enim
1715 884 1938 955 longior

266 970 361 1031 illa
381 973 664 1040 dependet,
698 988 767 1023 eo
796 968 1059 1022 difficilius
1081 982 1356 1027 mouetur.

419 1053 507 1112 18⁴
594 1054 745 1113 Nam
769 1052 1206 1106 considerandum
1237 1056 1312 1107 est
1350 1066 1627 1128 vti-umque
1660 1057 1938 1116 brachium

270 1142 506 1211 bilancis„
551 1141 735 1197 intuitu
758 1139 899 1195 huius
921 1139 1298 1207 contrapondii
1321 1140 1654 1210 longitudinis
1668 1159 1937 1218 tamquam

267 1231 432 1285 vedtis
455 1241 752 1284 recuruatus
771 1270 789 1296 a
827 1227 978 1283 cuius
1003 1224 1282 1280 brachium
1308 1226 1482 1281 minus
1507 1229 1595 1281 dat
1622 1244 1941 1302 contrapon-

273 1317 347 1373 dii
366 1315 644 1385 longitudo
677 1330 728 1381 a,
749 1314 928 1379 maius,
953 1310 1225 1367 brachium
1265 1312 1574 1369 alterutrum
1613 1315 1722 1388 iugi
1761 1317 1833 1386 ΖΓ,
1867 1320 1943 1372 vis

272 1420 439 1476 agens
456 1402 530 1456 est
554 1400 857 1456 onusculum
882 1400 1017 1453 lanci
1036 1400 1344 1470 impositum
1372 1419 1387 1473 ς
1438 1418 1567 1457 onus
1592 1406 1942 1474 mouendum3

273 1488 381 1561 ipsa
404 1501 456 1542 et
478 1488 700 1560 grauitas
718 1499 779 1539 et
811 1483 1099 1554 longitudo
1121 1489 1499 1560 contrapondii
1525 1506 1573 1544 a,
1660 1489 1795 1568 Quo
1822 1492 1943 1546 bre-

276 1577 394 1630 uior
416 1574 492 1628 illa
513 1588 571 1641 a,
605 1590 674 1628 eo
701 1570 901 1643 saepius
922 1573 976 1628 in
1010 1572 1249 1647 longiori
1288 1574 1504 1631 brachio
1543 1576 1575 1631 b
1611 1578 1940 1650 continetur3

272 1676 378 1735 quo
407 1659 580 1715 maior
607 1675 661 1729 a,
692 1677 760 1715 eo
781 1661 1045 1733 potentius
1063 1661 1251 1716 resistit
1280 1663 1457 1718 virtuti
1479 1664 1774 1737 impellenti
1798 1710 1815 1736 ,
1842 1684 1931 1722 cu-

267 1748 344 1804 ius
368 1745 497 1801 nisus
537 1746 591 1800 in
613 1749 780 1802 maius
813 1748 1269 1821 contrapondium
1305 1751 1467 1807 inanis
1490 1752 1585 1820 est,
1621 1753 1735 1825 quia
1760 1753 1932 1825 inibe-

273 1833 476 1901 c-illior‚
517 1851 681 1905 quam
703 1846 762 1889 vt
785 1834 912 1889 illud
939 1853 967 1890 a
990 1836 1084 1890 fitu
1106 1837 1534 1907 perpendiculari
1560 1851 1835 1894 remoucat
1865 1853 1937 1895 at-

268 1937 368 1994 que
394 1921 647 1990 lingulam
673 1922 903 1977 inclinet„
989 1923 1131 1995 Eg.
1170 1914 1555 1980 Consideretur
1584 1924 1869 1981 iconismus
1900 1947 1935 1981 α

267 2008 416 2064 huius
445 2003 489 2074 ᾗ.
530 2007 602 2062 ibi
622 2009 995 2080 contrap‘ondii
1019 2008 1300 2081 longitudo
1317 2012 1391 2065 est
1413 2028 1465 2080 a,
1490 2023 1617 2083 quae
1648 2012 1937 2069 duodecies

267 2095 568 2150 continetur
603 2095 655 2149 in
692 2093 963 2151 brachiob
984 2100 1002 2162 ',
1039 2111 1173 2168 ergo
1211 2095 1519 2152 onusculum
1555 2098 1772 2171 aliquod
1803 2100 1929 2155 ‘bra-

268 2182 392 2240 chio
413 2181 445 2235 b
473 2181 706 2236 additum
741 2181 1031 2238 duodecies
1066 2184 1337 2238 maiorem
1365 2185 1474 2239 vim
1491 2184 1735 2241 exserere
1758 2189 1936 2260 potest

268 2271 327 2325 1-11
353 2270 797 2342 contrapondium
822 2285 933 2342 ope
967 2267 1170 2324 brachii
1193 2269 1222 2324 b
1251 2306 1266 2338 ‚
1317 2289 1477 2343 quam
1512 2272 1821 2327 onusculum
1844 2293 1937 2329 nu-

270 2358 400 2412 dum
427 2355 626 2428 absque
659 2355 886 2412 brachio
910 2357 961 2414 b.
1043 2354 1349 2412 Iconismus
1368 2359 1410 2431 ,β
1440 2360 1528 2413 dat
1554 2360 1827 2416 brachium
1841 2365 1938 2418 mi.

273 2460 366 2499 uus
391 2456 423 2494 a
450 2440 616 2496 sexies
649 2443 702 2496 in
739 2444 927 2499 maiori
966 2441 1186 2498 brachio
1216 2458 1528 2501 contentum
1555 2490 1568 2516 ,
1612 2463 1747 2518 ergo
1791 2449 1866 2505 vis
1903 2449 1934 2504 b

266 2532 472 2604 figurae
509 2530 579 2603 β,
628 2530 910 2585 dimidium
934 2543 1139 2586 tantum
1165 2533 1304 2587 valet
1325 2534 1377 2588 in
1402 2549 1436 2588 a
1456 2569 1471 2600 ‚
1520 2534 1574 2588 in
1606 2534 1836 2608 respec‘tu
1877 2538 1937 2592 ad

267 2620 501 2692 figuram
529 2635 564 2670 α
672 2614 815 2673 Hinc
839 2618 1002 2689 dupla
1024 2618 1106 2673 hic
1136 2619 1373 2675 onusculi
1397 2622 1625 2695 grauitas
1658 2623 1937 2696 requiritur

268 2707 336 2760 ,ad
361 2704 683 2757 mouendam
709 2704 956 2776 lingulam
975 2718 1023 2760 et
1045 2708 1443 2763 remouendum
1474 2711 1933 2784 contrapondium,

271 2793 324 2845 id
346 2788 487 2862 quod
507 2791 555 2841 in
583 2809 619 2842 α
645 2789 869 2863 simplex
894 2805 1101 2848 tantum
1130 2793 1315 2856 efficit,

269 2875 424 2935 Tem,
510 2873 582 2930 IL
1158 2878 1210 2942 F
1836 2901 1859 2941 1
1876 2901 1935 2960 9.
