2393 3590
693 120 1312 191 CAPILLARIBVS.
1681 150 1806 221 241

66 318 68 320 v
146 303 325 348 catena
343 277 845 356 perpendiculariter
869 278 967 334 fibi
991 281 1303 337 imminente
1330 300 1431 353 am,
1453 280 1812 365 hmomnem„

146 378 288 433 suam
338 368 657 446 preffionem
695 368 940 422 terminet
968 368 1021 422 in
1058 367 1355 426 summitate
1379 373 1606 428 laterum
1633 376 1810 451 fistu-,‚

146 464 229 519 lae
252 503 265 530 ,
303 472 461 531 neque
493 454 631 526 pnffit
652 452 938 525 pertingere
972 454 1036 509 ad
1078 455 1342 528 liquorem
1376 458 1658 518 subiecitum
1692 483 1809 539 qm„
1854 451 1857 457 ¹

146 549 235 623 qui
274 541 501 620 proinde
536 557 597 594 ea
631 552 834 593 tantum
859 540 1118 611 preffione
1142 542 1389 615 afficitur,
1431 564 1563 620 quae
1593 553 1762 622 profi-
1776 595 1807 623 aa

152 633 275 691 cisci
299 628 468 706 potest
491 643 519 680 a
546 625 788 695 cylindro
835 627 979 682 aerio
1007 665 1023 698 ,
1067 631 1385 688 diametrum
1420 645 1482 707 op
1517 634 1609 690 sex
1646 638 1812 709 dun-„

151 732 300 778 taxat
336 711 673 792 globulorum
708 712 998 775 obtinente.
1039 713 1223 773 Aliter
1258 736 1393 775 vero
1423 721 1474 775 se
1499 740 1584 778 res
1610 724 1807 796 habet„

156 811 210 866 in
234 802 469 878 cylindro
507 799 650 853 aerio
676 796 790 874 efgh
816 843 831 869 ,
866 816 1012 856 extra
1050 803 1276 861 fistulam
1310 808 1529 862 affumto
1558 811 1612 864 in
1654 812 1801 882 alia„

155 893 374 968 quadam
394 898 545 960 parte
577 885 881 958 superficiei
912 888 1188 955 stagnantis
1216 909 1402 964 aquae,
1433 894 1523 948 vbi
1554 901 1815 970 extremi„

159 977 356 1056 globuli
383 971 446 1027 ab
474 972 582 1025 eius
606 970 952 1043 lateribusge,
982 987 1033 1025 ct
1050 972 1138 1046 hf,
1181 994 1316 1046 quae
1346 997 1475 1050 pure
1505 981 1614 1038 funt
1632 984 1806 1057 ima-‚‚

159 1064 349 1142 ginaria
375 1095 388 1128 ‚
435 1074 541 1112 non
567 1059 951 1131 impediuntur,
998 1060 1125 1130 quin
1153 1059 1322 1116 libere
1345 1067 1595 1139 defluant,
1615 1084 1669 1125 et
1686 1084 1805 1143 to-‚‚

157 1168 204 1208 ta
226 1149 302 1203 sua
329 1146 593 1201 latitudine
619 1143 769 1215 super
798 1144 1009 1216 liquore
1037 1142 1260 1201 subied'to
1291 1155 1570 1221 grauitent,
1667 1154 1810 1230 Cui„

150 1233 461 1307 consequens
493 1232 566 1286 est
597 1273 610 1300 ,
675 1245 736 1286 vt
760 1231 930 1304 liquor
969 1248 1122 1287 extra
1147 1233 1369 1289 fistulam
1398 1249 1545 1290 tanto
1573 1242 1811 1314 maiore„

142 1321 401 1396 pressione
421 1318 713 1384 afficiatur,
765 1335 926 1390 quam
949 1321 1034 1390 qui
1056 1320 1187 1375 intra
1213 1320 1407 1378 fistulae
1446 1324 1609 1381 latera
1634 1344 1740 1381 con
1777 1371 1810 1401 „

141 1407 300 1464 clusiis
329 1407 435 1472 est,
471 1415 668 1476 quanto
700 1420 953 1458 numerus
989 1406 1337 1476 globulorum
1363 1408 1435 1464 illi
1463 1411 1806 1486 incumbem„

140 1497 271 1552 tium
296 1489 507 1547 excedit
531 1505 808 1546 numerum
842 1490 1186 1559 globulorum
1209 1493 1364 1570 super
1393 1495 1503 1554 hoc
1526 1519 1805 1575 premem„

143 1576 465 1638 tiumtVnde
491 1576 665 1648 liquor
693 1577 758 1632 ab
785 1590 1001 1635 externa
1021 1581 1283 1653 pre-ffione
1295 1588 1750 1657 praeualentesem
1774 1633 1807 1663 „

144 1687 240 1744 per
264 1663 503 1721 nonnihil
529 1664 676 1719 altius
699 1665 1047 1738 impellendus
1072 1668 1127 1723 in
1152 1668 1354 1725 tubum.
1391 1714 1422 1741 „

278 1752 383 1810 XI,
474 1749 537 1804 In
561 1749 1316 1823 sequentibusmonetVirCl,
1358 1773 1407 1816 1.
1436 1756 1805 1818 differentiam

142 1841 268 1898 hanc
294 1837 621 1913 preffionum
654 1838 708 1892 in
739 1839 878 1894 tubis
914 1840 1245 1914 amplioribus
1278 1841 1380 1899 effe
1397 1843 1733 1922 inseifihilenss
1750 1852 1803 1907 in

141 1925 464 1985 strictioribus
487 1941 621 1981 vero
642 1927 950 1996 portionem
980 1929 1109 1983 aeris
1130 1930 1443 2002 impeditam
1469 1949 1498 1986 a
1522 1934 1630 1989 tubi
1656 1951 1796 1992 mar-

139 2014 331 2084 ginibus
354 2014 621 2069 maiorem
646 2011 855 2085 semper
880 2017 1143 2069 rationem
1170 2014 1368 2072 habere
1396 2018 1463 2072 ad
1489 2020 1817 2091 portionem

141 2101 266 2158 aeris
295 2117 405 2156 non
442 2099 752 2174 impeditam
783 2117 797 2155 ε
832 2115 885 2157 2.
918 2099 1053 2174 sequi
1085 2105 1247 2158 etiam
1286 2120 1358 2159 ex
1379 2105 1473 2160 hac
1500 2106 1801 2183 hypothefi,

140 2177 278 2262 quod
303 2188 524 2263 liquores
549 2183 799 2259 specifice
823 2187 1044 2244 leuiores
1069 2193 1256 2246 ceteris
1291 2193 1502 2263 paribus
1528 2194 1690 2249 altius
1715 2209 1791 2252 at-

139 2275 247 2331 tolli
271 2276 497 2332 debeant
529 2275 903 2345 grauioribu5‚
934 2294 997 2332 ea
1025 2279 1381 2350 proportione
1408 2321 1423 2348 ‚
1457 2296 1592 2352 quae
1616 2282 1694 2336 est
1721 2285 1803 2340 in·

140 2376 220 2418 ter
243 2361 513 2435 specificas
538 2379 730 2417 eorum
748 2364 1000 2421 leuitates:
1022 2379 1068 2438 3.
1102 2380 1296 2439 aquam
1320 2364 1540 2439 superne
1563 2383 1660 2422 non
1673 2386 1798 2441 pos-

143 2448 188 2504 se
208 2446 404 2527 effluere
424 2494 437 2521 ,
469 2449 557 2504 etsi
585 2451 853 2508 minuatur
878 2451 994 2507 tubi
1016 2449 1166 2526 supra
1192 2469 1353 2525 aquae
1381 2452 1719 2527 superficiem
1747 2480 1798 2517 e..

144 2535 362 2610 leuatio3
410 2537 807 2594 orificio-’enim
842 2539 958 2596 tubi
994 2541 1200 2612 Vtrique
1224 2541 1496 2613 aequ-ulem
1520 2541 1797 2604 imminere

149 2623 276 2675 aeris
298 2626 602 2697 portionem
636 2639 646 2673 τ
674 2638 734 2702 4.
766 2644 936 2697 porro
965 2625 1295 2698 superficiem
1331 2630 1572 2684 mercurii
1602 2633 1652 2685 in
1682 2637 1789 2692 tali-

148 2707 241 2761 bus
267 2708 441 2767 fistulis
470 2704 667 2768 debere
689 2714 969 2769 consistere
1002 2709 1146 2784 infra
1169 2713 1374 2772 libellam
1399 2757 1413 2786 ,
1454 2715 1492 2772 si
1512 2719 1795 2791 particulas

147 2788 294 2855 Tom.
330 2796 402 2855 ΙΙ.
1006 2798 1061 2857 Η
1082 2799 1116 2856 h
1685 2810 1793 2864 eius
