2393 3590
550 177 680 248 344
1279 152 1522 221 NOVA

553 322 780 396 figuram
806 314 1045 375 exbibet.
1133 313 1403 375 Exhibere
1437 330 1647 387 quoque
1681 312 1845 374 talem
1869 313 2070 374 videtur
2086 309 2219 375 Plu*-

550 409 792 464 kenetius
813 405 950 462 Tab.
976 401 1167 464 CXII.
1195 405 1287 474 fig·
1318 417 1374 474 3.
1404 399 1490 454 filb
1519 401 1735 455 nomine
1758 400 2215 481 Spongiaefluuia-

552 495 694 562 tilis,
733 487 1098 565 mifrabluosae,
1129 485 1460 563 peffragilis‚
1504 480 1872 557 ramofiffimae.
1946 488 2051 546 Sed
2083 490 2224 548 nulla

555 583 693 639 adest
724 579 1017 647 descriptio
1040 619 1054 645 ‚
1097 593 1227 647 quae
1259 575 1415 629 etiam
1451 571 1773 634 desideratur
1795 576 1847 629 in
1871 573 2014 632 Raio
2037 590 2092 632 et
2117 576 2218 636 Hi-

555 668 710 726 storia
738 663 1222 730 Oxonienfi‚vnde
1249 658 1378 717 nihil
1400 661 1536 716 certi
1560 659 1910 717 determinare
1933 659 2222 735 poffumus.
2251 724 2259 730 ,.

556 751 791 811 Granula
819 751 913 807 ista
948 749 1031 806 seu
1060 747 1250 806 semina
1276 747 1330 802 in
1353 746 1450 803 hac
1477 748 1663 804 maiori
1679 746 1846 822 specie
1870 749 2224 808 rotundaiunt

549 842 756 896 coloris
793 837 973 904 albidi,
1013 837 1065 893 in
1093 835 1256 893 altera
1277 848 1432 909 parte
1455 835 1610 892 instar
1633 832 1869 909 lapidum
1910 836 2094 892 cancri
2118 852 2215 893 ex-

557 938 758 988 cauata.
845 921 1014 982 Odor
1034 923 1243 998 plantae
1273 925 1496 979 recentis
1531 923 1606 979 est
1641 934 1779 980 teter
1805 935 1856 980 et
1878 923 2222 997 pisculentuS.

718 1009 961 1070 Secunda
985 1012 1180 1086 species
1208 1010 1460 1067 conuenit
1495 1026 1616 1067 cum
1651 1011 1998 1083 praecedente
2037 1009 2225 1067 colore

558 1120 626 1161 ex
646 1113 765 1158 atro
790 1100 931 1157 viridi
954 1113 1008 1154 et
1033 1098 1209 1154 odore
1240 1096 1432 1171 graui,
1468 1098 1652 1154 differt
1674 1115 1833 1168 vero,
1870 1099 2009 1174 quod
2046 1100 2223 1155 minor

557 1193 836 1262 minusque
861 1185 1068 1242 ramosa
1092 1196 1145 1240 et
1167 1184 1315 1260 quod
1336 1184 1561 1252 granulis
1582 1188 1790 1243 croceis
1820 1199 1874 1243 et
1893 1184 2225 1260 splendenti-⁶²

557 1278 655 1332 bus
678 1273 917 1332 rotundis
934 1310 950 1342 ‚
995 1272 1171 1347 quales
1197 1274 1249 1326 in
1275 1264 1565 1342 Hzppuride
1583 1270 1668 1326 seu
1682 1268 1916 1348 Equiseto
1928 1271 2117 1347 foetido
2116 1269 2224 1346 fich

558 1363 725 1438 aquis
772 1368 981 1433 repente
1026 1357 1092 1414 C.
1133 1353 1196 1412 B.
1236 1352 1564 1413 obseruatur.
1664 1353 1947 1415 Adhaeret
1980 1357 2117 1413 limo
2137 1368 2228 1414 aut

553 1446 860 1506 Lenticuiae
905 1443 1139 1499 trisculae
1175 1481 1191 1512 ,
1221 1444 1549 1517 praecedens
1586 1460 1721 1501 vero
1754 1445 1906 1514 lignis
1931 1444 2223 1500 adnascitur

552 1528 964 1609 putrescentibus
989 1529 1076 1589 sub
1104 1533 1254 1603 aquis
1287 1530 1581 1587 latentibus,
1662 1530 1942 1605 Pigrarum
1961 1542 2217 1602 aquarum

556 1623 767 1677 alumna
794 1619 866 1674 est
890 1631 940 1673 et
967 1635 995 1672 a
1024 1616 1181 1675 nobis
1203 1619 1396 1675 dicitur
1416 1616 1659 1691 Badiaga
1677 1618 1852 1673 minor.

691 1704 920 1778 Badiaga
943 1707 1153 1763 cinerea
1174 1702 1433 1778 appellari
1446 1705 1625 1777 potest
1652 1706 1795 1761 tertia
1828 1700 2024 1775 species
2043 1746 2059 1774 ,
2091 1721 2223 1779 quae

553 1790 781 1869 Spongia
809 1792 1020 1867 ramosa
1037 1792 1329 1867 fluuiatilz’s
1350 1788 1745 1851 NewtoniRai,
1774 1787 1896 1864 Hist
1927 1787 1960 1850 8
1978 1805 2029 1850 1.
2074 1791 2230 1851 Haec

550 1883 760 1953 reliquis
782 1880 945 1954 longe
974 1881 1267 1953 elegantior
1292 1881 1506 1937 cinereo
1531 1894 1613 1936 aut
1650 1878 1912 1935 albicante
1944 1879 2135 1935 colore
2155 1879 2223 1935 ad

550 1967 830 2042 spongiam
852 1968 1086 2034 accedit,
1120 1965 1208 2022 sed
1238 1967 1533 2022 friabilitate
1570 1980 1624 2021 et
1653 1965 1934 2038 fragilitate
1961 1967 2230 2035 Badiagae

551 2055 751 2111 similis,
871 2052 1036 2109 Rami
1091 2052 1363 2108 interdum
1397 2053 1532 2105 inter
1569 2052 1616 2105 se
1654 2049 1951 2104 coalescunt
1977 2061 2032 2103 et
2057 2067 2223 2108 vacua

554 2141 815 2214 quaedam
855 2137 1021 2210 spatia
1057 2137 1377 2212 relinquunt.
1479 2132 1693 2190 Semina
1726 2137 1778 2191 in
1813 2133 1914 2190 hac
1948 2151 2064 2191 non
2086 2137 2221 2207 vidi,

555 2246 688 2301 quae
719 2244 783 2282 an
819 2227 1150 2282 simmacum
1190 2221 1629 2298 praecedentibus
1657 2220 1818 2292 ferat,
1853 2222 2032 2278 nescio
2063 2265 2078 2294 ,
2147 2225 2224 2281 ob

558 2313 982 2371 conuenientiam
1005 2315 1261 2368 tamenin
1284 2309 1496 2382 reliquis
1515 2307 1618 2364 huc
1641 2309 1839 2364 referre
1864 2310 2091 2383 placuit.

718 2397 1025 2456 Secundum
1052 2417 1214 2473 genus
1236 2398 1527 2471 plantarum
1552 2413 1751 2451 nouum
1785 2415 1815 2452 a
1846 2396 2010 2452 nobis
2042 2396 2228 2470 appel·

560 2485 697 2541 latur
721 2483 1029 2556 Lupinaster
1052 2521 1070 2553 ‚
1119 2485 1261 2538 cuius
1289 2495 1444 2538 notae
1464 2480 1578 2538 sunt
1611 2501 1623 2536 :
1660 2479 1812 2541 Folia
1850 2483 2007 2538 instar
2034 2482 2229 2556 Lupini

562 2573 805 2645 digitata.
894 2566 1092 2626 Flores
1126 2569 1492 2642 papilionacei
1528 2604 1545 2634 ‚
1606 2569 1664 2621 in
1719 2567 2027 2640 capitulum,
2057 2569 2228 2643 longo

563 2656 777 2730 petiolo
802 2673 870 2710 ex
893 2654 1142 2713 foliorum
1177 2657 1266 2711 alis
1300 2654 1504 2726 egreffo
1531 2698 1545 2724 ,
1581 2651 1948 2724 sustentatum,
1993 2656 2225 2726 congesti

561 2747 766 2819 fiiiquae
804 2741 995 2814 longae
1034 2740 1303 2818 depressae
1333 2778 1350 2812 ‚
1396 2739 1669 2798 seminibus
1702 2739 2080 2799 reniformibus
2114 2740 2226 2796 foe.

2114 2840 2223 2899 tae,
