<?xml version="1.0" encoding="UTF-8"?>
<!DOCTYPE html PUBLIC "-//W3C//DTD XHTML 1.0 Transitional//EN"
    "http://www.w3.org/TR/xhtml1/DTD/xhtml1-transitional.dtd">
<html xmlns="http://www.w3.org/1999/xhtml" xml:lang="en" lang="en">
 <head>
  <title>
</title>
<meta http-equiv="Content-Type" content="text/html;charset=utf-8" />
  <meta name='ocr-system' content='tesseract 3.04.00' />
  <meta name='ocr-capabilities' content='ocr_page ocr_carea ocr_par ocr_line ocrx_word'/>
</head>
<body>
  <div class='ocr_page' id='page_1' title='image "./commentariiacade02impe_0499.png"; bbox 0 0 2393 3590; ppageno 0'>
   <div class='ocr_carea' id='block_1_1' title="bbox 840 173 1801 266">
    <p class='ocr_par' dir='ltr' id='par_1_1' title="bbox 840 173 1801 266">
     <span class='ocr_line' id='line_1_1' title="bbox 840 173 1801 266; baseline 0.008 -29"><span class='ocrx_word' id='word_1_1' title='bbox 840 175 938 238; x_wconf 88' lang='lat' dir='ltr'>VI</span> <span class='ocrx_word' id='word_1_2' title='bbox 944 173 1077 243; x_wconf 81' lang='grc' dir='ltr'>ΤΑ.</span> <span class='ocrx_word' id='word_1_3' title='bbox 1674 181 1801 266; x_wconf 79' lang='lat'>487</span> 
     </span>
    </p>
   </div>
   <div class='ocr_carea' id='block_1_2' title="bbox 151 332 1812 413">
    <p class='ocr_par' dir='ltr' id='par_1_2' title="bbox 151 332 1812 413">
     <span class='ocr_line' id='line_1_2' title="bbox 151 332 1812 413; baseline -0.008 -13"><span class='ocrx_word' id='word_1_4' title='bbox 151 347 315 410; x_wconf 85' lang='lat' dir='ltr'>tiam,</span> <span class='ocrx_word' id='word_1_5' title='bbox 352 353 455 413; x_wconf 88' lang='lat' dir='ltr'>quo</span> <span class='ocrx_word' id='word_1_6' title='bbox 484 333 695 392; x_wconf 66' lang='lat' dir='ltr'>auetore</span> <span class='ocrx_word' id='word_1_7' title='bbox 718 344 866 406; x_wconf 81' lang='lat' dir='ltr'>atque</span> <span class='ocrx_word' id='word_1_8' title='bbox 889 333 1131 390; x_wconf 88' lang='lat' dir='ltr'>adiutore</span> <span class='ocrx_word' id='word_1_9' title='bbox 1153 333 1339 393; x_wconf 65' lang='lat' dir='ltr'>fastum</span> <span class='ocrx_word' id='word_1_10' title='bbox 1372 332 1475 404; x_wconf 86' lang='lat' dir='ltr'>est,</span> <span class='ocrx_word' id='word_1_11' title='bbox 1509 346 1568 389; x_wconf 86' lang='lat' dir='ltr'>vt</span> <span class='ocrx_word' id='word_1_12' title='bbox 1595 352 1723 407; x_wconf 86' lang='lat' dir='ltr'>quos</span> <span class='ocrx_word' id='word_1_13' title='bbox 1739 339 1812 396; x_wconf 81' lang='lat' dir='ltr'>fa-</span> 
     </span>
    </p>
   </div>
   <div class='ocr_carea' id='block_1_3' title="bbox 151 419 1896 498">
    <p class='ocr_par' dir='ltr' id='par_1_3' title="bbox 151 419 1896 498">
     <span class='ocr_line' id='line_1_3' title="bbox 151 419 1896 498; baseline -0.002 -14"><span class='ocrx_word' id='word_1_14' title='bbox 151 429 265 484; x_wconf 84' lang='lat' dir='ltr'>talis</span> <span class='ocrx_word' id='word_1_15' title='bbox 285 425 543 498; x_wconf 77' lang='lat' dir='ltr'>quaedam</span> <span class='ocrx_word' id='word_1_16' title='bbox 566 419 747 475; x_wconf 89' lang='lat' dir='ltr'>sorsin</span> <span class='ocrx_word' id='word_1_17' title='bbox 769 419 875 492; x_wconf 87' lang='lat' dir='ltr'>ipsa</span> <span class='ocrx_word' id='word_1_18' title='bbox 903 423 1062 492; x_wconf 84' lang='lat' dir='ltr'>patria</span> <span class='ocrx_word' id='word_1_19' title='bbox 1090 420 1442 491; x_wconf 74' lang='lat' dir='ltr'>disiunxiffet,</span> <span class='ocrx_word' id='word_1_20' title='bbox 1482 438 1578 476; x_wconf 87' lang='lat' dir='ltr'>eos</span> <span class='ocrx_word' id='word_1_21' title='bbox 1601 421 1810 481; x_wconf 88' lang='lat' dir='ltr'>fortuna</span> <span class='ocrx_word' id='word_1_22' title='bbox 1884 425 1896 428; x_wconf 70' lang='grc'><em>“</em></span> 
     </span>
    </p>
   </div>
   <div class='ocr_carea' id='block_1_4' title="bbox 140 508 1812 2909">
    <p class='ocr_par' dir='ltr' id='par_1_4' title="bbox 140 508 1810 1003">
     <span class='ocr_line' id='line_1_4' title="bbox 144 508 1810 584; baseline -0.001 -17"><span class='ocrx_word' id='word_1_23' title='bbox 144 513 375 567; x_wconf 91' lang='lat' dir='ltr'>minime</span> <span class='ocrx_word' id='word_1_24' title='bbox 397 509 685 584; x_wconf 55' lang='lat' dir='ltr'>exspectata</span> <span class='ocrx_word' id='word_1_25' title='bbox 706 508 758 562; x_wconf 85' lang='lat' dir='ltr'>in</span> <span class='ocrx_word' id='word_1_26' title='bbox 783 521 921 562; x_wconf 84' lang='lat' dir='ltr'>terra</span> <span class='ocrx_word' id='word_1_27' title='bbox 944 521 1057 564; x_wconf 85' lang='lat' dir='ltr'>tam</span> <span class='ocrx_word' id='word_1_28' title='bbox 1088 508 1303 564; x_wconf 86' lang='lat' dir='ltr'>distante</span> <span class='ocrx_word' id='word_1_29' title='bbox 1329 508 1495 564; x_wconf 87' lang='lat' dir='ltr'>rursus</span> <span class='ocrx_word' id='word_1_30' title='bbox 1533 508 1810 566; x_wconf 81' lang='lat' dir='ltr'>consocia-</span> 
     </span>
     <span class='ocr_line' id='line_1_5' title="bbox 140 592 1805 668; baseline 0 -15"><span class='ocrx_word' id='word_1_31' title='bbox 140 609 226 653; x_wconf 91' lang='lat' dir='ltr'>tos</span> <span class='ocrx_word' id='word_1_32' title='bbox 259 597 478 658; x_wconf 78' lang='lat' dir='ltr'>foueret,</span> <span class='ocrx_word' id='word_1_33' title='bbox 584 593 746 666; x_wconf 87' lang='lat' dir='ltr'>Igitur</span> <span class='ocrx_word' id='word_1_34' title='bbox 778 592 1035 652; x_wconf 69' lang='lat' dir='ltr'>Nicolaus</span> <span class='ocrx_word' id='word_1_35' title='bbox 1070 596 1238 650; x_wconf 88' lang='lat' dir='ltr'>noster</span> <span class='ocrx_word' id='word_1_36' title='bbox 1273 597 1554 668; x_wconf 84' lang='lat' dir='ltr'>postquam</span> <span class='ocrx_word' id='word_1_37' title='bbox 1588 599 1805 653; x_wconf 85' lang='lat' dir='ltr'>tertium</span> 
     </span>
     <span class='ocr_line' id='line_1_6' title="bbox 142 678 1806 753; baseline 0.001 -16"><span class='ocrx_word' id='word_1_38' title='bbox 142 681 255 739; x_wconf 86' lang='lat' dir='ltr'>fere</span> <span class='ocrx_word' id='word_1_39' title='bbox 291 699 479 739; x_wconf 89' lang='lat' dir='ltr'>annum</span> <span class='ocrx_word' id='word_1_40' title='bbox 512 678 716 737; x_wconf 82' lang='lat' dir='ltr'>Bernae</span> <span class='ocrx_word' id='word_1_41' title='bbox 748 681 1381 753; x_wconf 81' lang='lat' dir='ltr'>transegerat,Bafileam</span> <span class='ocrx_word' id='word_1_42' title='bbox 1410 682 1555 736; x_wconf 88' lang='lat' dir='ltr'>rediit</span> <span class='ocrx_word' id='word_1_43' title='bbox 1593 697 1646 737; x_wconf 84' lang='lat' dir='ltr'>et</span> <span class='ocrx_word' id='word_1_44' title='bbox 1666 700 1806 740; x_wconf 86' lang='lat' dir='ltr'>mox</span> 
     </span>
     <span class='ocr_line' id='line_1_7' title="bbox 147 765 1804 843; baseline 0.001 -20"><span class='ocrx_word' id='word_1_45' title='bbox 147 769 458 843; x_wconf 89' lang='lat' dir='ltr'>compofitis</span> <span class='ocrx_word' id='word_1_46' title='bbox 493 768 552 822; x_wconf 87' lang='lat' dir='ltr'>ad</span> <span class='ocrx_word' id='word_1_47' title='bbox 589 766 782 822; x_wconf 84' lang='lat' dir='ltr'>abitum</span> <span class='ocrx_word' id='word_1_48' title='bbox 814 768 970 825; x_wconf 88' lang='lat' dir='ltr'>rebus</span> <span class='ocrx_word' id='word_1_49' title='bbox 998 766 1048 823; x_wconf 89' lang='lat' dir='ltr'>se</span> <span class='ocrx_word' id='word_1_50' title='bbox 1086 786 1187 823; x_wconf 86' lang='lat' dir='ltr'>vna</span> <span class='ocrx_word' id='word_1_51' title='bbox 1226 786 1349 824; x_wconf 90' lang='lat' dir='ltr'>cum</span> <span class='ocrx_word' id='word_1_52' title='bbox 1385 765 1615 824; x_wconf 80' lang='lat' dir='ltr'><em>Daniele</em></span> <span class='ocrx_word' id='word_1_53' title='bbox 1639 770 1804 840; x_wconf 77' lang='lat' dir='ltr'>fratre</span> 
     </span>
     <span class='ocr_line' id='line_1_8' title="bbox 143 852 1810 929; baseline 0.002 -20"><span class='ocrx_word' id='word_1_54' title='bbox 143 855 198 909; x_wconf 92' lang='lat' dir='ltr'>in</span> <span class='ocrx_word' id='word_1_55' title='bbox 231 858 371 910; x_wconf 84' lang='lat' dir='ltr'>viam</span> <span class='ocrx_word' id='word_1_56' title='bbox 408 853 548 909; x_wconf 85' lang='lat' dir='ltr'><strong>dedit</strong></span> <span class='ocrx_word' id='word_1_57' title='bbox 581 867 652 909; x_wconf 78' lang='lat' dir='ltr'>vt</span> <span class='ocrx_word' id='word_1_58' title='bbox 674 867 695 909; x_wconf 90' lang='lat'>1</span> <span class='ocrx_word' id='word_1_59' title='bbox 717 869 768 913; x_wconf 91' lang='lat'>1.</span> <span class='ocrx_word' id='word_1_60' title='bbox 798 855 916 913; x_wconf 62' lang='lat' dir='ltr'>Kal.</span> <span class='ocrx_word' id='word_1_61' title='bbox 961 852 1270 928; x_wconf 82' lang='lat' dir='ltr'>Septembr‚</span> <span class='ocrx_word' id='word_1_62' title='bbox 1309 854 1625 929; x_wconf 84' lang='lat' dir='ltr'>Petropolin</span> <span class='ocrx_word' id='word_1_63' title='bbox 1667 858 1810 913; x_wconf 86' lang='lat' dir='ltr'>venit</span> 
     </span>
     <span class='ocr_line' id='line_1_9' title="bbox 144 934 1156 1003; baseline 0.006 -7"><span class='ocrx_word' id='word_1_64' title='bbox 144 958 177 996; x_wconf 80' lang='lat' dir='ltr'><strong>v</strong></span> <span class='ocrx_word' id='word_1_65' title='bbox 191 956 234 996; x_wconf 90' lang='lat'>1.</span> <span class='ocrx_word' id='word_1_66' title='bbox 272 941 385 998; x_wconf 88' lang='lat' dir='ltr'>Kal.</span> <span class='ocrx_word' id='word_1_67' title='bbox 411 934 688 995; x_wconf 88' lang='lat' dir='ltr'>Nouemb.</span> <span class='ocrx_word' id='word_1_68' title='bbox 706 938 782 995; x_wconf 83' lang='lat' dir='ltr'>A.</span> <span class='ocrx_word' id='word_1_69' title='bbox 800 942 938 998; x_wconf 74' lang='lat' dir='ltr'>clalo</span> <span class='ocrx_word' id='word_1_70' title='bbox 957 958 1156 1003; x_wconf 83' lang='lat' dir='ltr'><strong>ccxxv,</strong></span> 
     </span>
    </p>

    <p class='ocr_par' dir='ltr' id='par_1_5' title="bbox 144 1024 1812 2312">
     <span class='ocr_line' id='line_1_10' title="bbox 304 1024 1804 1102; baseline 0.003 -20"><span class='ocrx_word' id='word_1_71' title='bbox 304 1024 413 1082; x_wconf 91' lang='lat' dir='ltr'>Hic</span> <span class='ocrx_word' id='word_1_72' title='bbox 433 1030 664 1101; x_wconf 82' lang='lat' dir='ltr'>primum</span> <span class='ocrx_word' id='word_1_73' title='bbox 679 1026 978 1081; x_wconf 82' lang='lat' dir='ltr'>valetudine</span> <span class='ocrx_word' id='word_1_74' title='bbox 1005 1030 1073 1082; x_wconf 84' lang='lat' dir='ltr'>fic</span> <span class='ocrx_word' id='word_1_75' title='bbox 1100 1029 1215 1085; x_wconf 87' lang='lat' dir='ltr'>satis</span> <span class='ocrx_word' id='word_1_76' title='bbox 1241 1027 1461 1086; x_wconf 90' lang='lat' dir='ltr'>secunda</span> <span class='ocrx_word' id='word_1_77' title='bbox 1484 1027 1595 1086; x_wconf 86' lang='lat' dir='ltr'>vsus</span> <span class='ocrx_word' id='word_1_78' title='bbox 1617 1031 1804 1102; x_wconf 84' lang='lat' dir='ltr'>est‚se-</span> 
     </span>
     <span class='ocr_line' id='line_1_11' title="bbox 148 1111 1812 1191; baseline 0.001 -19"><span class='ocrx_word' id='word_1_79' title='bbox 148 1133 249 1191; x_wconf 89' lang='lat' dir='ltr'>que</span> <span class='ocrx_word' id='word_1_80' title='bbox 276 1127 446 1170; x_wconf 91' lang='lat' dir='ltr'>totum</span> <span class='ocrx_word' id='word_1_81' title='bbox 483 1115 547 1169; x_wconf 86' lang='lat' dir='ltr'>ad</span> <span class='ocrx_word' id='word_1_82' title='bbox 584 1111 953 1169; x_wconf 82' lang='lat' dir='ltr'>subtiliffimam</span> <span class='ocrx_word' id='word_1_83' title='bbox 991 1112 1281 1183; x_wconf 88' lang='lat' dir='ltr'>mathefin,</span> <span class='ocrx_word' id='word_1_84' title='bbox 1315 1119 1397 1170; x_wconf 88' lang='lat' dir='ltr'>cui</span> <span class='ocrx_word' id='word_1_85' title='bbox 1431 1135 1458 1171; x_wconf 90' lang='lat' dir='ltr'>a</span> <span class='ocrx_word' id='word_1_86' title='bbox 1480 1118 1694 1188; x_wconf 84' lang='lat' dir='ltr'>pueritia</span> <span class='ocrx_word' id='word_1_87' title='bbox 1723 1119 1812 1174; x_wconf 88' lang='lat' dir='ltr'>ad-</span> 
     </span>
     <span class='ocr_line' id='line_1_12' title="bbox 144 1198 1810 1273; baseline 0.002 -16"><span class='ocrx_word' id='word_1_88' title='bbox 144 1207 308 1260; x_wconf 71' lang='lat' dir='ltr'>suetus</span> <span class='ocrx_word' id='word_1_89' title='bbox 332 1214 471 1270; x_wconf 83' lang='lat' dir='ltr'>erat,</span> <span class='ocrx_word' id='word_1_90' title='bbox 506 1201 720 1256; x_wconf 81' lang='lat' dir='ltr'>contulit</span> <span class='ocrx_word' id='word_1_91' title='bbox 739 1241 753 1268; x_wconf 82' lang='lat'>‚</span> <span class='ocrx_word' id='word_1_92' title='bbox 777 1198 999 1256; x_wconf 85' lang='lat' dir='ltr'>Praefidi</span> <span class='ocrx_word' id='word_1_93' title='bbox 1024 1199 1203 1254; x_wconf 88' lang='lat' dir='ltr'>nostro</span> <span class='ocrx_word' id='word_1_94' title='bbox 1225 1201 1462 1270; x_wconf 84' lang='lat' dir='ltr'>inprimis</span> <span class='ocrx_word' id='word_1_95' title='bbox 1488 1220 1665 1273; x_wconf 72' lang='lat' dir='ltr'>caruS,</span> <span class='ocrx_word' id='word_1_96' title='bbox 1708 1205 1810 1261; x_wconf 90' lang='lat' dir='ltr'>fra-</span> 
     </span>
     <span class='ocr_line' id='line_1_13' title="bbox 147 1286 1805 1360; baseline 0.002 -16"><span class='ocrx_word' id='word_1_97' title='bbox 147 1292 230 1357; x_wconf 82' lang='lat' dir='ltr'>tri,</span> <span class='ocrx_word' id='word_1_98' title='bbox 287 1302 344 1344; x_wconf 87' lang='lat' dir='ltr'>vt</span> <span class='ocrx_word' id='word_1_99' title='bbox 368 1288 596 1343; x_wconf 86' lang='lat' dir='ltr'>diximus</span> <span class='ocrx_word' id='word_1_100' title='bbox 612 1329 625 1354; x_wconf 83' lang='lat'><strong>‚</strong></span> <span class='ocrx_word' id='word_1_101' title='bbox 640 1287 785 1341; x_wconf 89' lang='lat' dir='ltr'>omni</span> <span class='ocrx_word' id='word_1_102' title='bbox 811 1286 977 1341; x_wconf 90' lang='lat' dir='ltr'>studio</span> <span class='ocrx_word' id='word_1_103' title='bbox 995 1286 1297 1342; x_wconf 67' lang='lat' dir='ltr'>coniune‘tus</span> <span class='ocrx_word' id='word_1_104' title='bbox 1319 1328 1332 1353; x_wconf 86' lang='lat'>‚</span> <span class='ocrx_word' id='word_1_105' title='bbox 1362 1288 1579 1356; x_wconf 84' lang='lat' dir='ltr'>collegis</span> <span class='ocrx_word' id='word_1_106' title='bbox 1603 1291 1805 1360; x_wconf 80' lang='lat' dir='ltr'>integri-</span> 
     </span>
     <span class='ocr_line' id='line_1_14' title="bbox 148 1372 1809 1449; baseline 0.001 -18"><span class='ocrx_word' id='word_1_107' title='bbox 148 1389 259 1432; x_wconf 89' lang='lat' dir='ltr'>tate</span> <span class='ocrx_word' id='word_1_108' title='bbox 284 1375 539 1430; x_wconf 80' lang='lat' dir='ltr'>amicitiae</span> <span class='ocrx_word' id='word_1_109' title='bbox 562 1373 720 1428; x_wconf 88' lang='lat' dir='ltr'>suauis</span> <span class='ocrx_word' id='word_1_110' title='bbox 748 1386 903 1444; x_wconf 86' lang='lat' dir='ltr'>atque</span> <span class='ocrx_word' id='word_1_111' title='bbox 931 1374 1098 1440; x_wconf 80' lang='lat' dir='ltr'>vtiliS‚</span> <span class='ocrx_word' id='word_1_112' title='bbox 1135 1372 1386 1428; x_wconf 88' lang='lat' dir='ltr'>omnibus</span> <span class='ocrx_word' id='word_1_113' title='bbox 1412 1375 1646 1429; x_wconf 79' lang='lat' dir='ltr'>candore</span> <span class='ocrx_word' id='word_1_114' title='bbox 1669 1379 1809 1449; x_wconf 92' lang='lat' dir='ltr'>pari-</span> 
     </span>
     <span class='ocr_line' id='line_1_15' title="bbox 148 1459 1807 1532; baseline 0.001 -16"><span class='ocrx_word' id='word_1_115' title='bbox 148 1475 230 1516; x_wconf 88' lang='lat' dir='ltr'>ter</span> <span class='ocrx_word' id='word_1_116' title='bbox 264 1474 312 1514; x_wconf 88' lang='lat' dir='ltr'>et</span> <span class='ocrx_word' id='word_1_117' title='bbox 342 1460 648 1517; x_wconf 77' lang='lat' dir='ltr'>humanitate</span> <span class='ocrx_word' id='word_1_118' title='bbox 685 1459 1221 1515; x_wconf 85' lang='lat' dir='ltr'>commendatiffimus</span> <span class='ocrx_word' id='word_1_119' title='bbox 1261 1479 1277 1532; x_wconf 76' lang='lat'>3</span> <span class='ocrx_word' id='word_1_120' title='bbox 1333 1473 1391 1515; x_wconf 78' lang='lat' dir='ltr'>vt</span> <span class='ocrx_word' id='word_1_121' title='bbox 1428 1460 1550 1515; x_wconf 89' lang='lat' dir='ltr'>nihil</span> <span class='ocrx_word' id='word_1_122' title='bbox 1594 1460 1807 1518; x_wconf 89' lang='lat' dir='ltr'>homini</span> 
     </span>
     <span class='ocr_line' id='line_1_16' title="bbox 148 1542 1801 1617; baseline 0.001 -14"><span class='ocrx_word' id='word_1_123' title='bbox 148 1549 249 1604; x_wconf 90' lang='lat' dir='ltr'>hoc</span> <span class='ocrx_word' id='word_1_124' title='bbox 276 1546 485 1617; x_wconf 83' lang='lat' dir='ltr'>ingenio</span> <span class='ocrx_word' id='word_1_125' title='bbox 505 1561 562 1598; x_wconf 86' lang='lat' dir='ltr'>ac</span> <span class='ocrx_word' id='word_1_126' title='bbox 588 1542 792 1598; x_wconf 83' lang='lat' dir='ltr'>fortuna</span> <span class='ocrx_word' id='word_1_127' title='bbox 820 1545 881 1598; x_wconf 90' lang='lat' dir='ltr'>ad</span> <span class='ocrx_word' id='word_1_128' title='bbox 904 1546 1052 1601; x_wconf 85' lang='lat' dir='ltr'>beate</span> <span class='ocrx_word' id='word_1_129' title='bbox 1076 1547 1369 1603; x_wconf 84' lang='lat' dir='ltr'>viuendum</span> <span class='ocrx_word' id='word_1_130' title='bbox 1394 1548 1563 1603; x_wconf 86' lang='lat' dir='ltr'>deeffe</span> <span class='ocrx_word' id='word_1_131' title='bbox 1596 1548 1801 1605; x_wconf 82' lang='lat' dir='ltr'>videre-</span> 
     </span>
     <span class='ocr_line' id='line_1_17' title="bbox 150 1629 1808 1705; baseline 0.001 -16"><span class='ocrx_word' id='word_1_132' title='bbox 150 1649 241 1689; x_wconf 85' lang='lat' dir='ltr'>tur.</span> <span class='ocrx_word' id='word_1_133' title='bbox 284 1629 385 1687; x_wconf 86' lang='lat' dir='ltr'>Sed</span> <span class='ocrx_word' id='word_1_134' title='bbox 422 1631 545 1702; x_wconf 83' lang='lat' dir='ltr'>quid</span> <span class='ocrx_word' id='word_1_135' title='bbox 582 1629 685 1685; x_wconf 89' lang='lat' dir='ltr'>esse</span> <span class='ocrx_word' id='word_1_136' title='bbox 721 1633 898 1705; x_wconf 84' lang='lat' dir='ltr'>potest</span> <span class='ocrx_word' id='word_1_137' title='bbox 938 1635 988 1687; x_wconf 90' lang='lat' dir='ltr'>in</span> <span class='ocrx_word' id='word_1_138' title='bbox 1024 1634 1123 1688; x_wconf 87' lang='lat' dir='ltr'>hac</span> <span class='ocrx_word' id='word_1_139' title='bbox 1159 1635 1296 1687; x_wconf 78' lang='lat' dir='ltr'>vitae</span> <span class='ocrx_word' id='word_1_140' title='bbox 1316 1636 1668 1690; x_wconf 80' lang='lat' dir='ltr'>inconstantia</span> <span class='ocrx_word' id='word_1_141' title='bbox 1693 1633 1808 1690; x_wconf 69' lang='lat' dir='ltr'>diu?</span> 
     </span>
     <span class='ocr_line' id='line_1_18' title="bbox 148 1715 1806 1794; baseline -0.001 -17"><span class='ocrx_word' id='word_1_142' title='bbox 148 1719 270 1777; x_wconf 87' lang='lat' dir='ltr'>Post</span> <span class='ocrx_word' id='word_1_143' title='bbox 300 1720 421 1776; x_wconf 72' lang='lat' dir='ltr'>oe&#39;to</span> <span class='ocrx_word' id='word_1_144' title='bbox 453 1717 749 1774; x_wconf 87' lang='lat' dir='ltr'>admodum</span> <span class='ocrx_word' id='word_1_145' title='bbox 784 1719 986 1775; x_wconf 84' lang='lat' dir='ltr'>menses</span> <span class='ocrx_word' id='word_1_146' title='bbox 1012 1717 1160 1774; x_wconf 81' lang='lat' dir='ltr'><strong>febre</strong></span> <span class='ocrx_word' id='word_1_147' title='bbox 1190 1719 1343 1788; x_wconf 82' lang='lat' dir='ltr'>lenta,</span> <span class='ocrx_word' id='word_1_148' title='bbox 1368 1715 1497 1792; x_wconf 67' lang='lat' dir='ltr'>qnae</span> <span class='ocrx_word' id='word_1_149' title='bbox 1534 1723 1806 1794; x_wconf 88' lang='lat' dir='ltr'>principio</span> 
     </span>
     <span class='ocr_line' id='line_1_19' title="bbox 148 1804 1808 1878; baseline 0 -16"><span class='ocrx_word' id='word_1_150' title='bbox 148 1809 313 1862; x_wconf 86' lang='lat' dir='ltr'>minus</span> <span class='ocrx_word' id='word_1_151' title='bbox 340 1804 627 1878; x_wconf 84' lang='lat' dir='ltr'>periculosa</span> <span class='ocrx_word' id='word_1_152' title='bbox 663 1804 993 1875; x_wconf 81' lang='lat' dir='ltr'>credebatur,</span> <span class='ocrx_word' id='word_1_153' title='bbox 1021 1819 1304 1876; x_wconf 87' lang='lat' dir='ltr'>correptus</span> <span class='ocrx_word' id='word_1_154' title='bbox 1328 1849 1341 1874; x_wconf 86' lang='lat'>‚</span> <span class='ocrx_word' id='word_1_155' title='bbox 1373 1808 1562 1861; x_wconf 90' lang='lat' dir='ltr'>deinde</span> <span class='ocrx_word' id='word_1_156' title='bbox 1592 1808 1808 1866; x_wconf 73' lang='lat' dir='ltr'>afflicstus</span> 
     </span>
     <span class='ocr_line' id='line_1_20' title="bbox 151 1884 1805 1966; baseline 0 -19"><span class='ocrx_word' id='word_1_157' title='bbox 151 1895 302 1948; x_wconf 87' lang='lat' dir='ltr'>etiam</span> <span class='ocrx_word' id='word_1_158' title='bbox 325 1907 377 1947; x_wconf 89' lang='lat' dir='ltr'>et</span> <span class='ocrx_word' id='word_1_159' title='bbox 403 1889 678 1966; x_wconf 81' lang='lat' dir='ltr'>opprefl’us</span> <span class='ocrx_word' id='word_1_160' title='bbox 699 1892 808 1952; x_wconf 86' lang='lat' dir='ltr'>VI.</span> <span class='ocrx_word' id='word_1_161' title='bbox 839 1884 1049 1948; x_wconf 88' lang='lat' dir='ltr'>Calend</span> <span class='ocrx_word' id='word_1_162' title='bbox 1101 1890 1249 1964; x_wconf 78' lang='lat' dir='ltr'>Aug.</span> <span class='ocrx_word' id='word_1_163' title='bbox 1276 1894 1805 1952; x_wconf 69' lang='lat' dir='ltr'>clolaccxxv1.mo-</span> 
     </span>
     <span class='ocr_line' id='line_1_21' title="bbox 150 1979 1802 2052; baseline 0.001 -18"><span class='ocrx_word' id='word_1_164' title='bbox 150 1980 575 2035; x_wconf 80' lang='lat' dir='ltr'>ribundo-fimilis</span> <span class='ocrx_word' id='word_1_165' title='bbox 613 1980 816 2048; x_wconf 81' lang='lat' dir='ltr'>iacuit,</span> <span class='ocrx_word' id='word_1_166' title='bbox 860 1992 913 2034; x_wconf 87' lang='lat' dir='ltr'>et</span> <span class='ocrx_word' id='word_1_167' title='bbox 937 1996 1260 2052; x_wconf 83' lang='lat' dir='ltr'>quamquam</span> <span class='ocrx_word' id='word_1_168' title='bbox 1297 1979 1602 2034; x_wconf 83' lang='lat' dir='ltr'>remittebat</span> <span class='ocrx_word' id='word_1_169' title='bbox 1626 1980 1802 2049; x_wconf 88' lang='lat' dir='ltr'>dolor,</span> 
     </span>
     <span class='ocr_line' id='line_1_22' title="bbox 149 2065 1796 2139; baseline -0.001 -18"><span class='ocrx_word' id='word_1_170' title='bbox 149 2080 319 2121; x_wconf 80' lang='lat' dir='ltr'>tamen</span> <span class='ocrx_word' id='word_1_171' title='bbox 343 2067 535 2122; x_wconf 89' lang='lat' dir='ltr'>viribus</span> <span class='ocrx_word' id='word_1_172' title='bbox 554 2069 656 2123; x_wconf 85' lang='lat' dir='ltr'>iam</span> <span class='ocrx_word' id='word_1_173' title='bbox 672 2067 894 2122; x_wconf 78' lang='lat' dir='ltr'>minutis</span> <span class='ocrx_word' id='word_1_174' title='bbox 909 2082 1058 2139; x_wconf 82' lang='lat' dir='ltr'>atque</span> <span class='ocrx_word' id='word_1_175' title='bbox 1075 2065 1329 2123; x_wconf 83' lang='lat' dir='ltr'>exhaustis</span> <span class='ocrx_word' id='word_1_176' title='bbox 1353 2067 1536 2135; x_wconf 81' lang='lat' dir='ltr'>biduo,</span> <span class='ocrx_word' id='word_1_177' title='bbox 1564 2067 1796 2138; x_wconf 84' lang='lat' dir='ltr'>postho-</span> 
     </span>
     <span class='ocr_line' id='line_1_23' title="bbox 146 2154 1804 2211; baseline 0.002 -4"><span class='ocrx_word' id='word_1_178' title='bbox 146 2169 204 2208; x_wconf 86' lang='lat' dir='ltr'>ra</span> <span class='ocrx_word' id='word_1_179' title='bbox 237 2154 382 2208; x_wconf 86' lang='lat' dir='ltr'>tertia</span> <span class='ocrx_word' id='word_1_180' title='bbox 413 2157 655 2210; x_wconf 85' lang='lat' dir='ltr'>matutina</span> <span class='ocrx_word' id='word_1_181' title='bbox 687 2156 877 2209; x_wconf 86' lang='lat' dir='ltr'>mentis</span> <span class='ocrx_word' id='word_1_182' title='bbox 902 2171 955 2210; x_wconf 80' lang='lat' dir='ltr'>et</span> <span class='ocrx_word' id='word_1_183' title='bbox 984 2155 1199 2211; x_wconf 83' lang='lat' dir='ltr'>rationis</span> <span class='ocrx_word' id='word_1_184' title='bbox 1232 2154 1298 2208; x_wconf 85' lang='lat' dir='ltr'>ad</span> <span class='ocrx_word' id='word_1_185' title='bbox 1324 2168 1625 2209; x_wconf 86' lang='lat' dir='ltr'>extremum</span> <span class='ocrx_word' id='word_1_186' title='bbox 1653 2171 1804 2211; x_wconf 87' lang='lat' dir='ltr'>com-</span> 
     </span>
     <span class='ocr_line' id='line_1_24' title="bbox 146 2242 703 2312; baseline 0.002 -18"><span class='ocrx_word' id='word_1_187' title='bbox 146 2256 247 2312; x_wconf 87' lang='lat' dir='ltr'>pos</span> <span class='ocrx_word' id='word_1_188' title='bbox 272 2244 587 2298; x_wconf 86' lang='lat' dir='ltr'>exanimatus</span> <span class='ocrx_word' id='word_1_189' title='bbox 613 2242 703 2296; x_wconf 90' lang='lat' dir='ltr'>est.</span> 
     </span>
    </p>

    <p class='ocr_par' dir='ltr' id='par_1_6' title="bbox 144 2325 1806 2844">
     <span class='ocr_line' id='line_1_25' title="bbox 302 2325 1802 2400; baseline -0.001 -20"><span class='ocrx_word' id='word_1_190' title='bbox 302 2325 414 2382; x_wconf 82' lang='lat' dir='ltr'>Iam</span> <span class='ocrx_word' id='word_1_191' title='bbox 439 2328 663 2400; x_wconf 86' lang='lat' dir='ltr'>septimo</span> <span class='ocrx_word' id='word_1_192' title='bbox 691 2340 805 2383; x_wconf 88' lang='lat' dir='ltr'>ante</span> <span class='ocrx_word' id='word_1_193' title='bbox 829 2329 1041 2385; x_wconf 91' lang='lat' dir='ltr'>obitum</span> <span class='ocrx_word' id='word_1_194' title='bbox 1073 2331 1173 2399; x_wconf 68' lang='lat' dir='ltr'>die,</span> <span class='ocrx_word' id='word_1_195' title='bbox 1205 2348 1328 2385; x_wconf 88' lang='lat' dir='ltr'>cum</span> <span class='ocrx_word' id='word_1_196' title='bbox 1358 2341 1598 2383; x_wconf 90' lang='lat' dir='ltr'>mortem</span> <span class='ocrx_word' id='word_1_197' title='bbox 1624 2329 1802 2384; x_wconf 82' lang='lat' dir='ltr'>immi-</span> 
     </span>
     <span class='ocr_line' id='line_1_26' title="bbox 147 2415 1797 2487; baseline 0.003 -21"><span class='ocrx_word' id='word_1_198' title='bbox 147 2422 354 2466; x_wconf 89' lang='lat' dir='ltr'>nentem</span> <span class='ocrx_word' id='word_1_199' title='bbox 403 2417 722 2486; x_wconf 89' lang='lat' dir='ltr'>praeuideret</span> <span class='ocrx_word' id='word_1_200' title='bbox 760 2433 859 2470; x_wconf 88' lang='lat' dir='ltr'>nec</span> <span class='ocrx_word' id='word_1_201' title='bbox 904 2416 1057 2472; x_wconf 87' lang='lat' dir='ltr'>fratri</span> <span class='ocrx_word' id='word_1_202' title='bbox 1100 2418 1413 2472; x_wconf 80' lang='lat' dir='ltr'>diffimulare</span> <span class='ocrx_word' id='word_1_203' title='bbox 1448 2415 1618 2487; x_wconf 76' lang='lat' dir='ltr'>posset</span> <span class='ocrx_word' id='word_1_204' title='bbox 1632 2452 1646 2482; x_wconf 91' lang='lat'>‚</span> <span class='ocrx_word' id='word_1_205' title='bbox 1685 2418 1797 2487; x_wconf 83' lang='lat' dir='ltr'>epi·-</span> 
     </span>
     <span class='ocr_line' id='line_1_27' title="bbox 147 2498 1806 2577; baseline 0.004 -26"><span class='ocrx_word' id='word_1_206' title='bbox 147 2498 302 2553; x_wconf 81' lang='lat' dir='ltr'>stolas</span> <span class='ocrx_word' id='word_1_207' title='bbox 326 2503 598 2573; x_wconf 74' lang='lat' dir='ltr'>nonnulla5‚</span> <span class='ocrx_word' id='word_1_208' title='bbox 620 2521 745 2577; x_wconf 85' lang='lat' dir='ltr'>quas</span> <span class='ocrx_word' id='word_1_209' title='bbox 763 2503 858 2559; x_wconf 90' lang='lat' dir='ltr'>fibi</span> <span class='ocrx_word' id='word_1_210' title='bbox 886 2502 1180 2576; x_wconf 81' lang='lat' dir='ltr'>superstites</span> <span class='ocrx_word' id='word_1_211' title='bbox 1218 2504 1462 2572; x_wconf 77' lang='lat' dir='ltr'>nolebat,</span> <span class='ocrx_word' id='word_1_212' title='bbox 1498 2502 1806 2559; x_wconf 88' lang='lat' dir='ltr'>combuffit.</span> 
     </span>
     <span class='ocr_line' id='line_1_28' title="bbox 148 2580 1805 2662; baseline 0.005 -25"><span class='ocrx_word' id='word_1_213' title='bbox 148 2580 415 2657; x_wconf 82' lang='lat' dir='ltr'>Corporis</span> <span class='ocrx_word' id='word_1_214' title='bbox 449 2605 692 2646; x_wconf 87' lang='lat' dir='ltr'>anatome</span> <span class='ocrx_word' id='word_1_215' title='bbox 722 2594 999 2647; x_wconf 76' lang='lat' dir='ltr'>vomicam</span> <span class='ocrx_word' id='word_1_216' title='bbox 1032 2593 1252 2647; x_wconf 78' lang='lat' dir='ltr'>intestini</span> <span class='ocrx_word' id='word_1_217' title='bbox 1281 2587 1644 2660; x_wconf 76' lang='lat' dir='ltr'>manifestauit,</span> <span class='ocrx_word' id='word_1_218' title='bbox 1671 2609 1805 2662; x_wconf 89' lang='lat' dir='ltr'>quae</span> 
     </span>
     <span class='ocr_line' id='line_1_29' title="bbox 147 2671 1800 2751; baseline 0.006 -29"><span class='ocrx_word' id='word_1_219' title='bbox 147 2671 280 2725; x_wconf 89' lang='lat' dir='ltr'>nulla</span> <span class='ocrx_word' id='word_1_220' title='bbox 303 2671 522 2731; x_wconf 79' lang='lat' dir='ltr'>humana</span> <span class='ocrx_word' id='word_1_221' title='bbox 545 2695 649 2751; x_wconf 85' lang='lat' dir='ltr'>ope</span> <span class='ocrx_word' id='word_1_222' title='bbox 676 2678 834 2733; x_wconf 85' lang='lat' dir='ltr'>sanari</span> <span class='ocrx_word' id='word_1_223' title='bbox 864 2692 1087 2750; x_wconf 83' lang='lat' dir='ltr'>poterat.</span> <span class='ocrx_word' id='word_1_224' title='bbox 1160 2679 1368 2748; x_wconf 74' lang='lat' dir='ltr'>Ingenii</span> <span class='ocrx_word' id='word_1_225' title='bbox 1393 2678 1457 2733; x_wconf 81' lang='lat' dir='ltr'>iui</span> <span class='ocrx_word' id='word_1_226' title='bbox 1483 2692 1800 2732; x_wconf 84' lang='lat' dir='ltr'>monumen-</span> 
     </span>
     <span class='ocr_line' id='line_1_30' title="bbox 144 2764 1806 2844; baseline 0.003 -31"><span class='ocrx_word' id='word_1_227' title='bbox 144 2766 197 2809; x_wconf 89' lang='lat' dir='ltr'>ta</span> <span class='ocrx_word' id='word_1_228' title='bbox 240 2770 351 2814; x_wconf 91' lang='lat' dir='ltr'>tum</span> <span class='ocrx_word' id='word_1_229' title='bbox 386 2764 437 2817; x_wconf 90' lang='lat' dir='ltr'>in</span> <span class='ocrx_word' id='word_1_230' title='bbox 481 2765 602 2823; x_wconf 60' lang='lat' dir='ltr'>aeris</span> <span class='ocrx_word' id='word_1_231' title='bbox 638 2765 995 2844; x_wconf 77' lang='lat' dir='ltr'>Lipsienfibus</span> <span class='ocrx_word' id='word_1_232' title='bbox 1045 2767 1339 2840; x_wconf 65' lang='lat' dir='ltr'>nostrisque</span> <span class='ocrx_word' id='word_1_233' title='bbox 1391 2765 1806 2834; x_wconf 81' lang='lat' dir='ltr'>commentariis,</span> 
     </span>
    </p>

    <p class='ocr_par' dir='ltr' id='par_1_7' title="bbox 1691 2863 1801 2909">
     <span class='ocr_line' id='line_1_31' title="bbox 1691 2863 1801 2909; baseline -0.018 0"><span class='ocrx_word' id='word_1_234' title='bbox 1691 2863 1801 2909; x_wconf 80' lang='lat' dir='ltr'>tum</span> 
     </span>
    </p>
   </div>
  </div>
 </body>
</html>
