2393 3590
728 171 1282 241 ILLVSTRATI.
1760 206 1888 272 451
1967 233 1972 239 .

235 340 386 398 Illum
424 350 552 391 vero
587 332 851 390 artificem
889 334 940 387 in
980 330 1186 388 caelum
1221 331 1453 393 tulerunt
1480 372 1496 406 ,
1540 333 1690 393 illum
1716 347 1895 417 expri-

232 443 403 493 mere,
437 423 475 478 fi
501 440 599 494 qua
625 434 869 494 poterat,
900 419 1129 476 secunda
1169 422 1336 496 gloria
1358 421 1473 484 fuit.
1567 424 1656 482 Sic
1680 424 1895 487 Hercu=

228 514 338 568 lem
364 528 487 565 cum
513 509 805 578 signarunt,
838 505 1144 563 Alexandri
1168 509 1367 567 vultum
1393 511 1732 586 habitumque
1763 534 1885 572 cor-

227 601 381 671 poris
405 611 458 650 et
482 596 748 651 leoninam
777 594 976 667 pellem
999 612 1066 650 ex
1092 597 1263 652 numis
1285 600 1394 654 eius
1416 597 1725 673 surripuere.
1755 603 1815 662 N
1820 604 1894 660 ul-

228 687 339 740 lum
377 686 533 757 igitur
567 682 944 738 Alexandrum
979 699 1047 737 eo
1088 685 1228 739 cultu
1262 686 1313 740 in
1340 691 1515 742 numis
1551 694 1887 762 agnouerim‚

228 773 322 827 nisi
352 774 400 825 in
430 770 826 834 Macedoni,ci.5‚
867 783 952 825 aut
980 769 1074 825 vbi
1099 788 1298 827 nomen
1323 774 1431 829 eius
1460 774 1643 832 diserte
1668 781 1884 851 apposi-

230 873 344 914 tum
380 856 662 928 reperiam.
757 855 894 915 Non
934 857 1132 913 inficias
1167 875 1266 927 e0‚
1304 862 1545 918 exstitisse
1565 865 1760 920 Ionum
1784 867 1892 923 stu.

229 947 313 999 dia
348 945 397 998 in
430 939 807 997 Alexandrum
841 960 900 996 ea
929 979 944 1010 ,
995 958 1055 997 vt
1088 946 1139 998 in
1169 946 1294 1000 luco
1319 988 1333 1015 ,
1394 952 1479 1020 qui
1512 948 1662 1024 supra
1697 952 1887 1010 Clazo-

230 1033 435 1085 menios
479 1042 530 1084 et
578 1027 958 1085 Chalcidenses
988 1026 1067 1100 (hi
1096 1033 1342 1100 proximi
1373 1035 1517 1091 fuere
1554 1040 1891 1116 Erythraeis)

226 1119 338 1174 situs
363 1130 499 1181 erat,
540 1113 885 1171 Alexandrea
901 1126 1115 1184 agerent
1137 1112 1420 1174 Paniones.
1453 1123 1628 1181 Testis
1653 1128 1727 1181 est
1743 1125 1887 1184 Stra-

225 1203 316 1264 bo,
383 1201 469 1278 (ς)
491 1200 566 1259 Et
588 1203 826 1258 exstitere
845 1201 1117 1273 speciatim
1136 1201 1189 1253 in
1221 1202 1547 1273 Erythraeos
1581 1212 1890 1270 Alexandri

226 1291 482 1346 beneficia
508 1309 520 1344 ε
562 1291 603 1343 is
629 1291 769 1344 enim
790 1286 878 1362 (6)
906 1285 1309 1359 Chytrophoria
1336 1291 1522 1347 insulas
1546 1292 1884 1367 (posteaeae-

227 1378 350 1432 dem
372 1376 538 1448 Hippi
553 1376 740 1442 dietae)
757 1392 850 1446 per
875 1376 978 1429 duo
1004 1376 1164 1429 stadia
1191 1379 1481 1434 continenti
1508 1384 1667 1438 iunxit
1691 1397 1746 1441 et
1766 1389 1885 1460 pla-

226 1464 404 1518 nitiem
429 1461 627 1533 septem
650 1462 874 1516 millium
899 1475 952 1515 et
974 1463 1389 1536 quingentorum
1416 1468 1695 1527 stadiorum
1715 1473 1879 1529 inter..

229 1545 473 1603 cidiiuffit
497 1582 512 1612 ,
558 1562 613 1600 vt
648 1549 777 1600 duos
821 1546 959 1602 finus
997 1553 1366 1607 committeret
1405 1567 1456 1609 et
1482 1556 1744 1629 Erythras
1773 1563 1883 1619 Mi·

221 1646 392 1689 munte
414 1631 866 1689 circumfunderet.
958 1631 1065 1690 Sed
1101 1638 1138 1691 fi
1179 1636 1559 1699 Alexandrum
1599 1648 1882 1717 Erythraei

223 1719 437 1779 honoris
457 1717 617 1774 caussa
637 1721 686 1774 in
710 1738 826 1775 aere
848 1721 1054 1791 fingere
1077 1725 1318 1780 maluere
1345 1763 1359 1793 ,
1396 1746 1554 1800 quam
1583 1730 1881 1793 Herculem

220 1809 382 1877 suum,
415 1823 501 1861 cur
521 1824 721 1862 nomen
746 1809 850 1863 eius
874 1809 926 1861 in
954 1823 1034 1864 tot
1060 1813 1223 1866 numis
1250 1829 1357 1868 non
1384 1814 1701 1873 ediderunt?
1721 1818 1878 1878 Piae·

220 1909 357 1950 terea
401 1896 536 1949 numi
574 1910 766 1950 omnes
803 1895 992 1950 decem
1029 1897 1358 1955 Alexandro
1384 1902 1657 1976 superstite
1680 1907 1878 1980 {ignari

221 1999 327 2038 non
347 1995 622 2056 potuerunt
645 2001 658 2037 ε
701 1999 769 2037 eo
792 1998 967 2038 autem
995 1983 1237 2042 defuncto
1260 1993 1492 2045 recentia
1515 2006 1669 2047 erant
1694 1998 1876 2053 czuita-

219 2083 327 2125 tum
353 2080 430 2125 aut
463 2068 515 2123 in
542 2067 891 2143 Antigonum
926 2084 980 2126 et
1014 2071 1384 2144 Demetrium,
1405 2095 1488 2134 aut
1513 2079 1561 2132 iu
1594 2076 1875 2140 Seleucum

217 2156 442 2228 aliosque
474 2157 743 2232 principes
786 2159 949 2214 studia
992 2171 1045 2213 et
1095 2162 1436 2221 adulationes.
1521 2164 1741 2223 Tamen
1766 2174 1875 2244 quis

218 2243 337 2298 mihi
359 2259 424 2298 ex
443 2246 588 2299 omni
616 2248 908 2319 antiquitate
935 2246 1183 2316 proferre
1211 2252 1387 2320 potest
1424 2270 1640 2308 numum
1678 2257 1865 2314 ciuita-

217 2340 326 2382 tum
352 2329 643 2387 Ionicarum
665 2333 879 2390 illorum
907 2352 1025 2389 cum
1046 2338 1188 2392 vultu
1212 2354 1400 2409 regum
1438 2334 1460 2392 ,ἶ
1504 2337 1678 2397 ὃπως
1715 2346 1789 2398 est
1829 2347 1873 2400 i.

218 2418 351 2489 gitur
372 2415 650 2473 Herculem
684 2423 971 2494 agnoscere
1002 2424 1055 2479 in
1102 2441 1276 2479 numis
1318 2422 1630 2499 Erythraeis
1660 2467 1674 2497 ‚
1725 2433 1872 2490 cultu

212 2504 425 2575 quidem
452 2502 569 2572 suu,
604 2506 681 2563 sed
701 2508 875 2581 habitu
906 2511 1012 2564 oris
1042 2512 1108 2566 ad
1138 2510 1443 2569 Alexandri
1465 2514 1867 2576 similitudinem„

212 2587 564 2650 Idseutantum
579 2596 837 2654 artificum
862 2598 1031 2654 studio
1053 2601 1298 2656 imitandi
1325 2602 1582 2676 Lysippi,
1619 2604 1703 2662 seu
1718 2626 1870 2679 prae-

942 2683 1044 2741 Lll
1078 2701 1116 2745 2
1718 2708 1869 2751 terea

366 2847 444 2910 (5)
508 2848 541 2896 f·
570 2858 680 2906 742.
747 2858 825 2916 (6)
855 2854 1029 2906 Plinius
1051 2856 1080 2904 l.
1106 2855 1176 2905 V.
1210 2873 1247 2906 c.
1271 2855 1599 2915 29.Pausanias
1616 2860 1650 2908 f.
1671 2871 1778 2920 529.
