2393 3590
553 124 689 191 424
871 137 874 141 ·
1064 102 1184 165 DE
1267 101 1351 162 CI
1359 99 1764 166 MMERHS.

551 264 792 322 sonesum
821 257 1134 334 Sinopicam
1162 259 1474 325 condidere,
1500 258 1593 311 vbi
1619 263 1842 329 quietam
1867 257 2044 317 sedem
2068 272 2227 320 tene,

553 366 692 411 rent,
779 348 891 424 (9)
936 348 1213 417 Halyattes
1252 362 1346 398 eos
1374 358 1491 397 tota
1518 339 1646 395 Afia
1670 347 1883 413 expulit.
1966 345 2111 423 (10)
2143 351 2220 407 Et

559 437 789 510 Scythae
815 436 1033 507 quidem
1060 448 1151 485 eos
1188 449 1215 485 a
1249 429 1425 484 Tanai
1454 427 1776 500 refugientes
1801 428 2057 499 persecuti
2079 435 2211 504 sunt,

555 525 641 578 sed
679 541 804 576 cum
847 518 1126 575 Cimmerii
1163 530 1321 588 porta
1361 512 1627 571 Caucasea
1658 516 1900 589 fugissent
1935 519 1984 571 in
2010 517 2224 591 Asiani,

555 608 785 681 Scythae
820 608 928 661 alio
957 607 1141 658 itinere
1180 619 1273 676 per
1309 599 1524 673 Caspias
1557 618 1739 675 portas
1774 602 1821 657 se
1846 600 2143 662 effuderunt
2167 609 2222 663 in

555 696 817 754 Mediam,
908 687 994 765 (1)
1015 689 1156 746 Cum
1180 702 1354 743 autem
1376 679 1655 744 Cimmerii
1670 704 1783 745 tam
1806 690 1911 744 late
1938 690 2228 762 coluerunt,

556 798 614 837 vt
650 781 832 855 postea
868 775 1095 848 Scythae
1128 812 1142 843 ,
1190 791 1301 829 non
1329 776 1399 830 est
1423 776 1734 845 verosimile,
1764 792 1981 832 omnem
2006 792 2226 846 gentem

557 883 698 922 metu
733 864 1042 936 Scytharum
1069 861 1117 916 se
1153 863 1202 916 in
1231 859 1419 917 Asiam
1457 860 1832 935 praecipitasse.
1922 862 2112 920 Velim
2139 881 2226 919 au-

556 969 667 1011 tem
693 951 1103 1014 animaduerta5‚
1133 950 1302 1020 quod,
1320 965 1442 1003 cum
1456 946 1593 1004 fama
1618 950 1769 1017 estet,
1796 946 2019 1020 Scythas
2036 967 2064 1004 a
2081 950 2226 1007 Vol-

560 1060 627 1115 ga
652 1041 962 1108 aduentare,
1007 1035 1294 1094 Cimmerii
1314 1035 1594 1091 concilium
1621 1037 1788 1106 gentis
1815 1036 1881 1090 ad
1906 1035 2100 1091 Tiram
2127 1037 2227 1091 flu-

554 1130 699 1183 vium
725 1125 1014 1181 habuerint.
1097 1123 1182 1177 Eo
1211 1123 1261 1175 in
1282 1122 1689 1189 conuentu,aliis
1712 1123 1863 1190 fugae
1901 1123 2227 1193 auctoribu5‚

560 1229 715 1285 reges
748 1211 1066 1265 manendum
1103 1208 1407 1275 bellumque
1442 1224 1545 1276 pro
1583 1209 1682 1260 aris
1707 1220 1759 1260 et
1790 1207 1924 1261 focis
1953 1208 2228 1264 conseren-

563 1303 688 1356 dum
710 1297 1025 1352 censuerunt.
1115 1293 1200 1346 Ex
1226 1309 1287 1345 ea
1313 1288 1631 1346 diffenfione
1654 1293 1915 1347 tumultus
1942 1306 2090 1348 ortus
2130 1309 2220 1349 ca-

561 1387 766 1459 ptisque
803 1385 967 1437 armis
1009 1421 1022 1448 ,
1063 1382 1216 1444 (nam
1262 1393 1410 1446 reges
1463 1391 1513 1433 et
1556 1380 1740 1452 regiae
1773 1380 1965 1434 domus
2003 1416 2020 1448 ,
2068 1397 2230 1451 pares

563 1486 789 1527 numero
814 1471 1034 1538 reliquae
1058 1465 1240 1520 turbae
1268 1462 1439 1538 erant)
1465 1466 1724 1537 praelium
1746 1464 2094 1522 commiffum
2127 1508 2142 1535 ,
2173 1469 2227 1523 in

564 1576 670 1630 quo
695 1571 844 1626 reges
869 1569 1057 1608 omnes
1077 1552 1208 1607 caesi
1235 1550 1521 1622 sepultique
1556 1551 1667 1606 sunt
1693 1569 1721 1606 a
1757 1552 2101 1623 popularibus
2135 1569 2228 1608 eo-

564 1648 683 1699 dem
710 1658 898 1695 omnes
922 1639 1124 1695 tumulo
1149 1640 1216 1694 ad
1248 1638 1459 1709 Tyram
1498 1638 1730 1693 fluuium.
1816 1637 1869 1692 Is
1902 1637 2134 1692 tumulus
2160 1637 2230 1693 ad

558 1729 835 1788 Herodoti
866 1745 1028 1799 Vsque
1049 1740 1283 1781 aetatem
1309 1724 1546 1779 exstabat
1569 1737 1622 1778 et
1647 1723 2038 1778 celebrabatur.
2137 1723 2231 1799 (2)

563 1814 797 1887 Scythae
818 1817 976 1882 enim,
1001 1831 1119 1868 cum
1145 1828 1367 1868 vacuam
1395 1813 1674 1884 regionem
1701 1810 2066 1882 occupassent,
2092 1811 2221 1867 reli-

563 1906 713 1975 gioni
738 1901 827 1955 sibi
854 1903 1143 1968 duxerunt,
1178 1900 1401 1954 fortium
1425 1901 1663 1953 virorum
1681 1908 2037 1953 monumenta
2059 1895 2228 1953 viola-

565 2008 639 2043 re.
727 1987 1036 2045 Manserunt
1066 2005 1273 2058 quoque
1308 1979 1597 2041 Cimmerii
1633 1986 1812 2050 muri,
1861 1983 2123 2037 incertum
2147 1996 2231 2040 ta·

545 2093 689 2131 .men
722 2075 906 2145 quibus
937 2077 992 2128 in
1025 2074 1277 2129 tractibus
1302 2116 1315 2141 ‚
1363 2088 1416 2126 et
1446 2070 1807 2127 Cimmerium
1833 2068 1960 2124 vrbs
1991 2086 2111 2124 cum
2138 2087 2223 2126 re-

568 2165 729 2235 gione
747 2153 1040 2216 Cimmeria
1059 2174 1112 2213 et
1137 2159 1409 2231 Bosporus
1421 2149 1748 2212 Cimmerius
1772 2153 2000 2227 priscum
2025 2172 2230 2215 nomen

565 2252 898 2304 retinuerunt.
983 2245 1069 2321 (3)
1091 2246 1253 2301 Tiras
1279 2246 1460 2300 fluuius
1486 2285 1500 2310 ‚
1546 2242 1608 2294 ad
1637 2259 1795 2312 quem
1829 2242 2016 2314 populi
2047 2247 2232 2300 conci-

567 2336 705 2388 lium
730 2334 1053 2388 celebratum
1078 2334 1151 2386 est
1168 2370 1182 2399 ‚
1219 2334 1424 2403 longius
1449 2327 1592 2381 distat
1618 2346 1645 2381 a
1665 2328 1868 2396 Tanai,
1911 2341 1970 2383 vt
1998 2330 2230 2397 planefit

573 2438 601 2474 a
627 2418 735 2474 fide
753 2420 977 2473 alienum
995 2461 1009 2487 ,
1053 2412 1385 2473 Cimmerios
1418 2414 1486 2470 ab
1522 2432 1588 2469 eo
1614 2416 1774 2471 fluuio
1811 2417 1864 2471 in
1885 2416 2127 2471 medium
2154 2421 2232 2473 in-

2111 2517 2234 2559 cen-

695 2671 774 2727 <9N
815 2669 951 2716 LIV.
976 2689 1012 2717 e.
1046 2689 1109 2719 12,
1180 2672 1282 2730 (io)
1320 2667 1400 2716 LI.
1429 2640 1566 2717 ε.115ί
1635 2671 1713 2732 (1)
1753 2665 1887 2715 LIV.
1914 2684 1952 2713 c.
1983 2678 2048 2714 12.

575 2739 644 2798 (z)
684 2739 709 2783 l.
738 2735 831 2782 IV.
863 2756 976 2786 c-11.
1041 2743 1123 2802 (3)
1162 2735 1222 2783 ib.
1249 2755 1284 2784 c.
1317 2754 1381 2786 12.
