2393 3590
602 133 725 214 238
1113 127 1229 190 DE
1320 127 1697 193 TVBVLzs.

591 298 696 366 tio)
748 292 1012 366 copiosius
1059 288 1134 346 est
1159 330 1173 358 ,
1216 286 1304 344 sed
1346 307 1506 365 aeque
1545 287 1780 351 densum.
1874 287 2162 354 Indubium
2185 297 2259 356 est

590 381 942 453 scriptoribus
975 376 1378 450 hydrostaticiS,
1424 379 1593 450 posita
1630 376 1740 429 bafi
1771 378 1959 433 eadem
1992 417 2009 450 ,
2055 397 2108 439 et
2136 400 2261 441 aere

592 486 752 544 aeque
783 465 1121 539 compreff0‚
1158 466 1466 521 tantundem
1502 478 1662 535 agere
1695 462 1809 515 vim
1833 466 1968 519 aeris
1993 470 2248 526 restituti..

593 574 723 614 uam
750 556 854 611 fiue
880 570 1068 626 parua,
1096 551 1199 607 siue
1224 567 1416 621 magna
1440 551 1575 604 aeris
1601 548 1758 620 copia
1797 547 2033 608 adfuerit.
2114 556 2180 612 Id
2205 574 2259 613 a·-

591 643 676 701 liis
698 647 752 701 in
775 643 910 698 locis
938 639 1047 712 ipse
1069 636 1339 694 Sturmius
1368 634 1639 691 annotauit
1663 675 1678 703 ‚
1714 651 1834 693 cum
1859 631 2088 693 Henrico
2126 640 2259 700 Mo.

589 748 647 789 ro
694 730 833 788 aeris
873 727 1188 798 grauitatem
1222 736 1274 777 et
1303 724 1568 778 elaterium
1600 724 1820 795 neganti
1848 740 2159 783 occurreret
2199 730 2256 786 in

594 817 734 876 Con.
765 811 968 873 Curios.
991 806 1048 865 P.
1076 810 1152 868 ΙΙ.
1181 809 1343 881 Epist.
1368 809 1436 865 ad
1458 810 1677 866 Morum
1703 806 1752 878 ᾗ,
1781 808 1880 884 63.
1904 829 1954 885 p.
1989 808 2089 871 82.
2114 812 2255 874 Non

587 906 748 977 igitur
769 901 844 955 ob
867 899 1113 954 maiorem
1154 898 1288 952 aeris
1314 897 1525 952 externi
1549 896 1734 971 copiam
1754 894 1947 955 fortius
1978 900 2259 970 vrgebitur

586 1007 718 1063 aqua
743 987 985 1044 exterior
1011 1021 1025 1054 ,
1057 999 1220 1057 quam
1244 984 1479 1038 interior.
1567 982 1669 1039 An
1699 983 1919 1043 liberior
1951 990 2180 1048 accessus
2201 1008 2255 1049 a.

583 1078 745 1153 liquid
767 1074 983 1131 efficere
1005 1072 1203 1136 valeat,
1226 1087 1365 1126 mox
1388 1069 1591 1134 dicam,

747 1190 914 1252 VIII.
1003 1187 1142 1243 Illud
1183 1189 1367 1262 primo
1409 1188 1581 1242 statim
1622 1187 1749 1245 Ioco
1791 1190 2029 1249 annotari
2079 1194 2253 1252 debet.

588 1277 779 1337 Aerem
806 1274 1035 1332 accusari
1051 1285 1260 1346 praeter
1287 1274 1553 1328 meritum.
1644 1274 1838 1331 Monet
1860 1277 2085 1350 Boylz'us,
2111 1296 2162 1338 et
2182 1300 2255 1339 ex

589 1367 681 1423 illo
701 1363 911 1423 vniuerfi
931 1360 1216 1430 scriptores
1241 1354 1461 1430 Phyfici.

310 1480 481 1544 Pham
502 1480 534 1545 8
831 1446 889 1508 8
902 1443 953 1503 Si
976 1443 1182 1502 tubulus
1207 1442 1296 1499 sub
1327 1462 1585 1520 campana
1599 1463 1722 1503 aere
1744 1461 1912 1503 vacua
1937 1451 2253 1525 collocetur,

485 1529 494 1540 ’
546 1535 560 1548 ’
589 1555 774 1612 aquam
810 1537 863 1590 in
902 1550 970 1588 eo
1007 1530 1299 1605 suspensam
1329 1532 1559 1589 haerere.
1647 1533 1781 1593 Vidi
1814 1534 1979 1590 etiam
2006 1537 2116 1609 ipse
2141 1556 2251 1594 non

581 1625 755 1694 semel,
2015 1679 2020 1681 s

395 1750 448 1810 9·
819 1725 873 1785 9.
882 1705 938 1765 Si
975 1708 1182 1765 tubulus
1208 1718 1353 1764 antea
1385 1707 1712 1762 humectatus
1746 1706 1800 1760 in
1828 1723 2001 1764 vacuo
2029 1709 2250 1765 demum

582 1817 742 1873 aquae
761 1799 1145 1872 immergatur,
1170 1794 1474 1870 (quomodo
1495 1795 1551 1849 id
1578 1794 1701 1850 fieri
1722 1794 1920 1867 poffit‚
1948 1812 2113 1851 nemo
2139 1795 2245 1850 ho-

581 1889 666 1942 die
691 1888 920 1956 ignorat)
944 1902 1130 1956 aquam
1156 1883 1409 1956 perinde
1395 1900 1449 1937 m
1479 1880 1666 1937 tubulo
1682 1881 1960 1938 ascendere
1984 1881 2072 1939 sub
2101 1899 2249 1938 cam

584 1992 747 2048 pana,
781 1989 841 2027 ac
865 1975 917 2025 in
941 1971 1119 2026 libero
1144 1988 1263 2026 aere
1289 1987 1306 2041 ς
1351 1968 1479 2024 saltu
1505 1971 1686 2041 vtique
1735 1970 2024 2024 celerrimo
2090 1987 2104 2021 t
2149 1984 2251 2022 nec

583 2058 912 2133 profundam
926 2057 1009 2111 hic
1033 2057 1440 2111 immersionem
1468 2055 1664 2124 requiri
1693 2097 1706 2121 ‚
1748 2053 1834 2108 sed
1858 2053 2100 2108 sufficere
2122 2069 2249 2109 con·

583 2150 780 2203 tacitum
809 2144 977 2199 tubuli
1020 2154 1071 2198 et
1102 2158 1268 2214 aquae
1305 2139 1572 2193 subiectae.
1662 2135 1962 2194 Conficitur
1987 2155 2156 2195 autem
2184 2156 2254 2196 ex

589 2234 735 2290 dietis
762 2269 775 2299 ‚
803 2230 891 2285 nisi
932 2230 1194 2285 aetherem
1209 2227 1316 2281 neri
1365 2223 1657 2288 substituaS,
1694 2226 1862 2280 actum
1891 2224 1994 2280 effe
2016 2227 2081 2281 de
2106 2227 2251 2284 fluidi

591 2318 879 2394 prementis
899 2316 1092 2373 adhoc
1116 2315 1530 2388 phaenomenon
1554 2308 1939 2381 explicandum
1961 2313 2162 2369 auxiliO.

745 2433 850 2487 IX.
934 2426 1073 2484 Non
1098 2431 1149 2483 id
1175 2446 1306 2483 vero
1337 2427 1440 2483 fine
1473 2427 1727 2499 exemplo
1764 2427 1839 2481 est
1874 2468 1889 2495 ,
1943 2441 2002 2483 vt
2029 2429 2083 2483 in
2121 2430 2251 2485 eius-

590 2518 745 2572 modi
780 2516 981 2571 cafibus
1018 2532 1191 2570 aerem
1230 2514 1373 2568 suum
1412 2530 1578 2584 Vsque
1614 2513 1748 2567 adeo
1783 2511 2023 2568 subtilem
2060 2513 2249 2571 faciant

590 2608 844 2671 auc‘tore5‚
857 2617 912 2658 vt
936 2602 1128 2657 aetheri
1156 2601 1340 2655 similis
1363 2616 1485 2654 cum
1517 2600 1612 2652 illo
1634 2613 1770 2654 trans
1793 2615 2109 2667 campanam
2147 2601 2243 2669 ire,

588 2693 623 2748 si
646 2706 756 2747 non
792 2689 1065 2745 liberrime
1097 2688 1256 2762 poffit
1295 2729 1309 2756 ,
1355 2686 1509 2758 poffit
1537 2698 1732 2742 tamen.
1821 2685 2127 2743 Excluditur
2152 2687 2249 2757 igi-

2173 2785 2252 2830 tur
