2393 3590
703 107 1320 180 CAPILLARIBVS.
1691 126 1809 194 251

160 292 340 370 perior
359 277 519 337 tubuli
544 275 801 349 capillatis
827 274 1162 342 extremitaS,
1183 273 1312 328 dum
1334 269 1423 328 vel
1449 289 1477 327 e
1502 268 1676 343 digito
1692 288 1817 343 pen-

161 381 288 433 dens
311 368 512 441 guttula
553 365 623 419 illi
655 364 970 418 admonetur
995 402 1010 430 ‚
1051 374 1109 416 vt
1132 360 1430 431 supremum
1454 358 1742 430 obtegatur
1766 379 1817 417 a-

158 479 261 536 qua
291 455 557 513 orificium
590 449 790 504 fistulae
822 448 1076 523 capillaria
1111 444 1176 504 C.
1261 446 1467 503 Poterit
1487 445 1642 501 tubus
1667 458 1819 504 extra

160 560 351 622 aquam
374 534 580 595 extrahi
601 579 616 605 ‚
651 536 723 590 fic
744 548 798 590 vt
820 551 949 603 aqua
971 535 1024 587 in
1047 535 1158 591 DE
1183 546 1432 590 contenta
1454 549 1563 586 non
1597 533 1810 588 descen-

168 637 284 699 dat,
329 629 496 683 donec
525 624 773 676 columna
796 639 957 694 aquae
979 619 1125 694 supra
1149 620 1384 678 libellam
1408 619 1636 675 eleuatae
1666 621 1814 694 supe-

169 733 251 779 tet
276 710 592 770 altitudinem
615 706 646 761 h
670 721 818 762 antea
844 708 1178 776 designatam.

302 797 484 860 Velim
508 808 713 864 autem,
748 795 1115 864 meminerint,
1158 795 1239 867 qui
1265 793 1372 850 hoc
1403 792 1822 868 phaenomenon

171 882 540 951 examinabunt
567 899 578 934 ε
608 882 753 934 idem
790 882 839 933 in
869 897 1039 934 vacuo
1065 897 1175 934 non
1202 883 1407 949 minus,
1441 898 1593 952 quam
1618 881 1667 932 in
1698 895 1823 934 aere

175 980 336 1037 libero
358 1009 374 1040 ‚
408 967 697 1023 succedere.
785 960 1045 1035 Namque
1066 965 1200 1033 scio,
1236 965 1595 1021 d³fficiliorern
1630 966 1736 1022 eius
1765 970 1820 1023 in

173 1075 337 1121 vacuo
377 1055 793 1127 explicationem
824 1053 944 1106 fore
1009 1065 1020 1099 t
1090 1049 1483 1119 Impoffibilem
1507 1065 1684 1107 tamen
1714 1071 1824 1109 non

171 1150 305 1216 dico,
337 1138 569 1199 Faciant
587 1141 663 1196 rei
684 1139 1004 1214 periculum,
1027 1135 1213 1207 quibus
1230 1138 1426 1207 volupe
1437 1139 1534 1192 est:
1555 1139 1827 1195 aduertant

167 1218 295 1289 vero
318 1231 470 1285 simul
493 1229 558 1283 ad
585 1246 659 1297 ea,
683 1243 812 1300 quae
836 1224 1044 1280 interius
1071 1222 1329 1293 dicemuS,
1364 1224 1412 1276 in
1430 1225 1633 1278 tertiae
1655 1225 1821 1282 claffis

161 1321 422 1383 examine,
444 1312 486 1384 ᾗ.
527 1328 688 1390 52.et
712 1313 848 1386 seqq.

296 1401 463 1458 XXI.
553 1397 826 1454 Grauioris
845 1438 859 1467 ‚
888 1400 960 1454 fic
987 1398 1212 1454 arbitror
1231 1444 1246 1470 ‚
1277 1402 1540 1455 momenti
1564 1404 1638 1457 est
1663 1396 1829 1476 phaess

161 1503 462 1551 nomenon‚
504 1486 887 1556 quodmescio,
922 1504 1098 1541 annon
1122 1489 1516 1561 experimentum
1537 1491 1707 1545 crucis
1734 1506 1832 1545 vo-

168 1594 288 1632 care
309 1575 458 1628 liceat
484 1573 534 1625 in
559 1574 656 1627 hac
678 1575 1089 1641 explicationum
1115 1572 1290 1635 claffe,
1377 1576 1731 1647 InquisituruS‚
1762 1595 1825 1632 an

167 1662 386 1717 omnino
407 1659 539 1716 liber
563 1661 671 1713 aeri
696 1661 857 1717 aditus
882 1674 1059 1733 pateat
1081 1661 1133 1713 in
1156 1662 1316 1717 tubos
1340 1665 1608 1734 capili-ares
1624 1708 1637 1732 ‚
1671 1666 1827 1736 cogi-

168 1752 288 1817 taui,
313 1748 363 1801 id
392 1763 506 1818 ope
528 1744 833 1803 Barometri
865 1749 1010 1820 poffe
1035 1747 1204 1801 decidi
1231 1790 1244 1817 ‚
1282 1749 1319 1805 fi
1348 1751 1402 1803 in
1422 1749 1614 1804 vasculi
1642 1754 1824 1806 locum
1868 1740 1969 1802 Fig.
2008 1741 2050 1790 V
2047 1741 2097 1791 ll
2105 1774 2116 1789 ·

168 1839 315 1891 tubus
342 1835 733 1890 substitueretur
773 1835 1026 1908 capillatis
1055 1869 1070 1900 ‚
1135 1853 1234 1905 per
1264 1854 1421 1908 quem
1459 1836 1826 1910 atmosphaera

163 1938 406 1997 premere
440 1919 727 1976 subiestum
762 1922 858 1976 fibi
889 1923 1213 1976 mercurium
1260 1924 1496 1977 deberet.
1597 1922 1654 1977 Si
1681 1927 1827 1980 enim

168 2029 250 2066 aer
278 2023 421 2087 trane
446 2008 678 2062 fistulam
699 2008 1007 2079 capillarem
1030 2006 1334 2080 suspendere
1357 2010 1685 2065 mercurium
1709 2024 1826 2081 pot⁴

165 2098 235 2152 est
261 2096 325 2152 ad
353 2095 687 2150 altitudinem
722 2095 1052 2150 ordinariam
1086 2139 1100 2165 ,
1134 2113 1245 2151 non
1293 2099 1474 2169 vtique
1513 2097 1578 2152 ab
1607 2101 1713 2152 eius
1732 2101 1828 2151 im-

163 2185 333 2254 pedita
348 2182 606 2254 preffione
625 2184 794 2238 oritur
822 2182 1050 2236 eleuatio
1076 2201 1242 2255 aquae
1264 2183 1653 2256 supralibellam
1676 2186 1727 2237 in
1748 2197 1828 2243 tu.-

167 2268 293 2324 bulis
317 2269 599 2325 ordinariis
624 2270 846 2326 multum
873 2268 1110 2342 capillati
1144 2287 1273 2325 meo
1309 2271 1672 2347 amplioribus.
1762 2268 1827 2325 In

168 2373 283 2412 eum
303 2356 475 2411 finem

329 2520 336 2522 -
404 2440 762 2515 23.Adhibui
781 2444 971 2501 tubum
1000 2443 1300 2514 longiorem
1326 2445 1619 2517 ordinariiS‚
1643 2459 1695 2502 et
1715 2461 1826 2516 gra·
1866 2445 2037 2506 Phaen.
2064 2476 2129 2518 23

177 2527 354 2598 cilem‚
385 2527 691 2588 Barometri
709 2532 964 2604 simplicis
983 2534 1195 2587 recurui
1219 2537 1271 2589 in
1295 2534 1543 2603 modum,
1575 2535 1666 2589 nisi
1682 2531 1826 2607 quod

177 2613 287 2668 vice
308 2616 495 2675 vasculi
521 2618 673 2677 tubus
696 2618 949 2677 desineret
973 2622 1029 2674 in
1050 2619 1277 2677 fistulam
1295 2638 1421 2682 vere
1445 2616 1749 2696 capillarem
1775 2631 1826 2673 et

153 2709 156 2712 ’
913 2703 942 2760 1
962 2706 978 2760 i
1019 2719 1055 2762 2
1672 2726 1827 2782 aper-
