2393 3590
479 230 562 295 72
927 202 1047 271 DE
1133 156 1660 272 BILANCOEVS.

478 369 649 426 lances
675 367 935 444 quiescent
967 404 983 439 ,
1031 383 1136 425 nec
1159 379 1334 425 tamen
1359 368 1539 425 bilanx
1573 365 1825 425 alteratur
1858 376 1943 426 aut
1980 383 2146 426 com-

478 471 741 515 mouetur.

1081 573 1278 684 Cap.
1375 571 1509 657 VI.

971 724 1094 809 De
1189 724 1639 810 Ponderibus.

479 901 799 981 maxime
843 924 1021 1009 quae
1072 893 1175 975 ad
1248 890 1588 979 bilancem
1637 889 2144 1004 probatoriam

1122 1021 1474 1134 spectant.

625 1193 672 1236 1.
758 1174 896 1236 Non
920 1187 1121 1232 tantum
1147 1174 1213 1231 de
1228 1174 1499 1243 militate,
1545 1173 1633 1230 sed
1655 1186 1711 1229 et
1748 1174 1814 1231 de
1851 1175 2144 1233 neceffitate

478 1265 851 1322 mathematico
876 1262 949 1317 est
971 1306 985 1332 ,
1033 1262 1164 1317 scire
1204 1263 1713 1317 determinationem
1768 1263 2146 1319 nonnullorum

479 1351 1081 1426 ponderum,maxime,
1113 1364 1244 1420 quae
1266 1347 1331 1402 ad
1355 1342 1613 1403 bilancem
1639 1346 2007 1418 probatoriam
2022 1365 2144 1420 per-

482 1441 680 1505 tinent,
728 1452 891 1508 eaque
904 1436 1113 1490 ratione
1129 1449 1180 1488 et
1203 1431 1399 1489 indolis
1426 1445 1479 1488 et
1507 1430 1846 1489 formationis
1878 1433 2138 1504 intellige-

479 1544 552 1582 re.
638 1523 782 1580 Hinc
810 1521 1105 1594 sequentem
1129 1521 1353 1575 breuem
1380 1519 1594 1593 quidem
1624 1555 1639 1586 ,
1687 1518 1777 1575 sed
1800 1519 2144 1576 iufficientem

477 1610 940 1668 manuduffionem
970 1609 1033 1662 ad
1056 1621 1330 1678 Vtrumque
1356 1603 1712 1679 suppeditabo,

633 1711 687 1753 2.
773 1694 1110 1752 Centenarius
1152 1694 1227 1749 est
1255 1693 1377 1749 illud
1411 1694 1709 1750 maximum
1744 1708 1903 1762 genus
1939 1691 2146 1765 ponde..

472 1783 794 1855 rum,quoin
819 1782 1091 1836 communi
1115 1782 1251 1847 vita,
1269 1794 1327 1835 vt
1351 1783 1403 1834 in
1438 1792 1491 1834 et
1506 1798 1563 1834 re
1588 1778 1967 1851 metallurgica
1986 1792 2134 1834 vtun-

472 1885 555 1926 tur
581 1868 816 1924 artifices
841 1869 893 1921 in
917 1862 1202 1923 Germania
1247 1884 1258 1920 ε
1303 1867 1394 1922 Est
1434 1883 1568 1921 vero
1608 1866 1813 1935 pondus
1848 1880 2140 1921 commune

470 1955 666 2028 vbique
696 1956 948 2009 locorum
972 1955 1318 2027 vtplurimum
1349 1953 1589 2027 eiusdem
1609 1950 1873 2024 grauitatis
1900 1992 1916 2020 ,
1954 1950 2044 2006 sed
2064 1952 2141 2005 di·

473 2042 632 2098 uersis
658 2045 710 2094 in
752 2040 885 2094 locis
928 2040 1280 2095 diuerfimode
1318 2040 1612 2094 distributus
1646 2041 1698 2094 in
1734 2036 1945 2093 Pondo.
2047 2034 2140 2093 Sic

473 2125 823 2184 Centenarius
872 2119 1286 2196 Norimbergae
1327 2137 1380 2178 et
1413 2123 1624 2193 Lipsiae
1650 2123 1894 2179 diuiditur
1919 2125 1972 2179 in
2006 2136 2140 2181 100.

470 2213 570 2269 lbr.
662 2202 940 2264 Coloniae
967 2211 1032 2264 ad
1061 2209 1309 2268 Rhenum
1330 2211 1382 2264 in
1413 2222 1546 2266 102.
1570 2209 1674 2269 lbr.
1705 2222 1759 2263 et
1782 2222 1964 2265 tamen
1984 2223 2131 2265 vter-

473 2318 573 2372 que
597 2295 946 2354 Centenarius
969 2297 1197 2351 eandem
1218 2295 1371 2351 habet
1392 2298 1709 2364 grauitatem
1735 2316 1747 2351 ι
1790 2297 1977 2368 pondo
2004 2313 2140 2352 vero

473 2382 796 2443 Coloniense
820 2384 1010 2453 pendet
1034 2384 1206 2438 minus
1228 2377 1701 2456 Norimbergenfi.

615 2513 668 2569 3.
755 2495 859 2552 Hic
883 2514 1018 2550 vero
1048 2498 1099 2549 in
1131 2494 1304 2551 Ruffia
1338 2495 1624 2564 vulgariter
1657 2495 1956 2552 maximum
1994 2512 2134 2568 pon-

473 2588 570 2642 dus
602 2585 670 2638 est
705 2580 846 2652 quod
873 2595 1093 2635 vocatur
1118 2576 1242 2636 Pud.
1329 2579 1510 2636 Datur
1539 2583 1748 2652 quidem
1789 2584 1921 2650 apud
1941 2581 2134 2637 Ruthe·

476 2690 575 2727 nos
627 2669 793 2724 adhuc
823 2668 956 2722 aliud
1007 2668 1187 2735 ingens
1251 2668 1461 2738 pondus
1529 2663 1842 2719 Perkoiwitz
1899 2666 2091 2720 diffisum
2125 2707 2140 2735 ,

466 2760 553 2815 sed
594 2774 701 2810 non
737 2755 870 2809 adeo
909 2754 962 2808 in
987 2751 1077 2807 vsu
1094 2754 1166 2807 est
1196 2788 1211 2820 ‚
1258 2767 1310 2808 et
1341 2750 1449 2805 fere
1485 2750 1740 2807 obliuioni
1765 2751 1941 2807 datum
1987 2795 2001 2821 ‚
2044 2753 2139 2806 nisi

1992 2838 2139 2909 quod
