2393 3590
475 264 550 342 33
952 221 1066 324 DE
1150 255 1548 322 BJLANCJB
1560 255 1677 322 Vs.

467 420 695 474 flexione
719 420 913 489 saepius
941 434 1168 475 vexatae
1198 439 1209 474 t
1242 419 1332 475 De
1358 434 1500 472 nouo
1529 418 1748 472 inuento
1774 415 1941 488 aliquo
1967 409 2133 470 solici-

467 519 545 562 tus
570 507 669 576 fui,
712 524 766 562 et
796 508 912 562 illud
941 507 1155 562 feliciter
1178 524 1266 560 me
1304 502 1626 575 expediuiffe
1669 517 1905 571 autum0‚
1922 501 2130 557 duobus

467 597 647 648 modis
690 635 703 659 ‚
771 610 996 663 quorum
1027 598 1174 665 prior
1201 592 1497 646 bilancibus
1522 589 1816 645 maioribus
1842 601 1894 643 et
1921 588 2129 655 mediiS‚

467 681 597 735 alter
626 681 919 735 minoribus
949 693 1001 734 et
1028 679 1384 734 docimasticis
1412 678 1630 751 egregie
1666 676 1944 744 conuenit,
1978 687 2129 744 atque

470 768 534 821 ad
560 768 833 843 angissfflw
860 767 1127 825 conducit,

609 868 662 926 9.
754 851 914 907 Prior
948 854 1139 905 modus
1172 851 1284 904 talis
1310 849 1383 902 est
1427 869 1437 902 :
1492 846 1842 903 Incuruentur
1867 847 2001 919 scapi
2036 861 2126 899 ex-

465 951 629 993 trema
654 935 845 991 sursum
874 940 921 989 in
947 934 1010 990 A
1033 948 1084 988 et
1108 935 1295 999 deinde
1319 932 1383 988 ad
1407 933 1596 988 lineam
1630 934 1785 1004 scapo
1817 933 2127 1004 parallelam

467 1026 643 1076 denuo
675 1024 956 1077 fleetantur.
1041 1019 1305 1076 Prodeant
1337 1031 1577 1072 extrema
1611 1020 1706 1073 hac
1749 1021 1949 1073 ratione
1986 1019 2126 1072 flexa

464 1110 710 1179 vti-inque
739 1108 820 1176 ad,
851 1109 985 1179 plus,
1015 1108 1210 1173 minus,
1268 1105 1509 1173 digitum.
1599 1101 1933 1176 Applicetur
1956 1105 2127 1158 elate-r

467 1210 772 1249 recuruatus
809 1208 860 1247 et
899 1192 1290 1247 lemicircularis
1337 1191 1399 1262 β,
1434 1190 1639 1260 qualem
1662 1193 1714 1244 in
1737 1191 1902 1262 figura
1929 1192 1965 1263 β
1994 1190 2124 1243 deli-

465 1295 674 1336 neatum
698 1281 844 1338 dedi.
932 1277 1303 1334 Conficiuntur
1332 1275 1551 1328 elateres
1575 1277 1625 1329 hi
1648 1278 1853 1346 optime
1881 1294 1949 1331 ex
1973 1276 2124 1330 elate-

465 1385 522 1422 re
543 1367 805 1437 chalybeo
828 1366 883 1419 in
906 1363 1212 1435 horologiis
1239 1360 1527 1416 minoribus
1556 1361 1743 1415 vfitato
1766 1403 1780 1429 ‚
1828 1363 1911 1430 qui
1944 1378 2128 1433 aequa-

468 1453 528 1507 lis
561 1452 796 1508 craslitiei
821 1449 1129 1505 efformatus
1159 1449 1412 1502 inuenitur
1442 1483 1456 1513 ,
1504 1445 1556 1498 id
1592 1447 1738 1517 quod
1768 1449 2005 1501 maxime
2041 1465 2128 1501 ne-

469 1555 529 1593 ce
540 1537 584 1578 ’Τ
576 1542 756 1594 arium.
852 1535 1102 1592 Addatur
1124 1536 1306 1589 deinde
1328 1533 1638 1587 canaliculus
1661 1534 1936 1602 quadratus
1950 1533 2030 1599 D,
2069 1533 2129 1587 li-

472 1627 599 1680 bere
624 1640 739 1680 ante
768 1638 818 1679 et
844 1638 991 1678 retro
1023 1622 1241 1676 mobilis
1265 1663 1278 1688 ,
1314 1619 1525 1673 inferius
1553 1619 1615 1672 ad
1649 1617 1684 1671 d
1715 1617 1937 1671 auricula
1962 1630 2123 1672 traus-

469 1712 663 1767 uerfim
692 1712 858 1783 posita
893 1711 1170 1782 praeditus,
1189 1723 1239 1761 et
1263 1706 1479 1762 tandem
1517 1716 1872 1776 praeponatur
1907 1703 2123 1758 cochlea

465 1799 657 1853 femina
683 1799 750 1865 E,
776 1816 874 1869 qua
903 1797 1116 1851 addue‘ta
1144 1794 1287 1849 cedit
1319 1791 1737 1859 elater,auricula
1776 1789 1842 1844 ad
1882 1790 2004 1844 axin
2028 1788 2134 1844 sca--

466 1887 521 1956 pi
549 1897 930 1955 promouetur,
976 1898 1024 1937 et
1049 1882 1320 1937 brachium
1354 1878 1682 1934 abbreuiatur
1710 1897 1724 1943 3
1763 1876 1971 1932 reducta
1999 1891 2126 1945 pro-

467 1972 710 2036 longatur
738 1970 1044 2037 brachium,
1092 1972 1211 2040 quia
1235 1966 1396 2022 elater
1422 1964 1659 2022 canalem
1683 1963 1738 2024 D
1779 1979 1896 2019 cum
1933 1962 2127 2017 auricu-

466 2058 518 2111 la
545 2055 626 2109 sua
647 2048 696 2107 C
724 2055 930 2124 repellit
957 2068 1112 2124 atque
1138 2053 1430 2123 protrudit.
1538 2110 1541 2111 ⁷

618 2155 710 2200 10.
801 2137 1009 2194 Omnes
1036 2155 1167 2191 vero
1192 2138 1289 2191 hae
1322 2150 1499 2206 partes
1536 2136 1881 2206 applicandae
1909 2154 2027 2192 cum
2054 2137 2125 2208 iis,

466 2245 598 2302 quae
624 2227 772 2282 alteri
799 2223 1022 2278 brachio
1048 2224 1382 2289 conueniunt,
1396 2220 1610 2276 seorsim
1630 2235 1682 2275 et
1709 2224 2126 2294 aequilibrentu'r‚

466 2331 521 2372 et
553 2320 774 2369 eandem
800 2313 1052 2382 recipiant
1074 2309 1433 2364 extensionem
1459 2322 1610 2378 atque
1636 2308 1882 2381 figuram.

617 2415 639 2456 1
661 2415 704 2454 1.
793 2400 878 2456 Vt
899 2414 1032 2452 vero
1057 2395 1311 2450 auriculae
1331 2395 1592 2465 Vtriusque
1616 2394 1827 2448 interior
1849 2396 1987 2450 acies
2006 2414 2123 2452 cum

471 2487 581 2544 acie
607 2485 791 2540 axiculi
815 2484 918 2555 iugi
938 2479 1188 2537 inferiore
1215 2481 1407 2534 lineam
1436 2480 1541 2534 fere
1565 2482 1758 2536 restam
1779 2481 1929 2537 faciat
1953 2524 1965 2548 ,
2011 2482 2063 2535 id
2105 2524 2120 2550 ,

471 2593 558 2630 me
584 2574 739 2625 etiam
767 2587 874 2623 non
898 2582 1147 2622 monente
1173 2609 1186 2634 ,
1219 2566 1351 2619 bene
1375 2566 1761 2620 obseruandum
1778 2607 1791 2631 ‚
1836 2580 1884 2619 et
1908 2567 2120 2620 obtine-

470 2675 550 2715 tur
591 2675 685 2732 per
717 2657 1099 2710 incurri-„ituram
1137 2667 1502 2707 extremorum
1534 2650 1670 2721 scapi
1713 2663 1862 2705 antea
1893 2653 2127 2724 explica-

471 2761 577 2802 tarn
619 2781 631 2808 ,
683 2756 734 2796 et
769 2759 864 2811 per
896 2742 1091 2795 lineam
1125 2733 1562 2796 IconismiGFH
1592 2738 1914 2790 delineatam.
2004 2733 2123 2793 Nc-

477 2832 739 2888 ceffarium
786 2828 889 2884 hoc
935 2827 1230 2899 requisitum
1280 2827 1417 2882 tecte
1470 2825 1666 2880 notauit
1713 2822 2022 2895 Leupoldus
2068 2827 2117 2879 in

1950 2909 2127 2966 Thea.
