2393 3590
515 200 647 266 204
1036 171 1635 237 THEOREMATA

515 342 791 401 titudinem
815 331 928 394 EA
958 332 1251 391 commode
1279 333 1584 403 comparari
1608 328 1763 404 poffit
1792 344 1914 381 cum
1955 325 2166 383 descen-

511 429 566 484 su
590 426 809 484 naturali
836 424 1074 495 grauium
1114 420 1407 474 cadentium
1446 460 1460 487 ,
1535 434 1665 487 quae
1688 417 1934 469 nimirum
1959 430 2065 467 vno
2090 412 2166 467 se-

517 515 688 569 cundo
732 527 755 567 1
779 526 821 587 ς.
859 511 979 584 ped.
1010 509 1139 577 Reg.
1176 507 1330 563 Paris
1355 506 1560 558 circiter
1585 519 1613 554 a
1638 501 1816 569 quiete
1844 500 2175 558 delabuntur.

516 602 601 659 Vt
624 600 764 654 enim
779 596 1053 653 lentiffime
1079 591 1354 647 descendat
1374 631 1388 657 ‚
1405 584 1683 642 minuenda
1701 585 1773 637 est
1794 598 1995 638 tantum
2024 603 2179 656 quan-

516 701 634 744 tum
659 684 778 740 satis
804 685 941 739 ratio
968 674 1087 734 CA
1115 679 1181 732 ad
1207 675 1320 732 CB.
1408 670 1622 728 Possunt
1659 687 1868 742 quoque
1899 686 1968 723 ex
1989 671 2179 739 princi-

517 774 616 846 pio
644 764 1250 826 conseruationisvirium
1261 762 1495 815 viuarum
1513 757 1846 813 determinari
1864 758 2007 825 leges
2021 770 2174 810 com-

522 856 889 914 municationis
927 864 1107 907 motus
1155 863 1258 919 pro
1299 845 1623 920 corporibus
1668 840 1893 915 perfedte
1941 841 2183 911 elasticiS‚

519 961 648 1016 quae
674 939 909 996 rotando
935 935 986 990 se
1008 945 1190 992 mutuo
1213 933 1496 1004 impellunt
1529 975 1543 1001 ‚
1595 929 1683 986 sed
1712 930 1981 984 breuitatis
2022 928 2186 1001 gratia

524 1045 610 1085 eas
634 1029 720 1083 hic
747 1043 855 1081 non
881 1025 1163 1095 exprim0‚
1195 1019 1390 1072 sufficit
1415 1034 1640 1072 monere
1676 1035 1763 1072 eas
1802 1032 1870 1070 ex
1906 1028 2060 1088 parte
2096 1014 2186 1068 de-

522 1115 759 1189 pendere
790 1130 818 1166 a
850 1112 1024 1183 figura
1048 1121 1346 1176 corporum
1369 1106 1672 1160 rotantium.
1757 1103 1933 1159 Multa
1948 1103 2039 1157 alia
2053 1116 2188 1156 nunc

525 1216 711 1270 tace0‚
755 1213 883 1269 quae
905 1192 1203 1250 commode
1227 1208 1320 1260 per
1343 1190 1597 1244 theoriam
1617 1191 1806 1244 virium
1832 1192 2068 1245 viuarum
2095 1203 2187 1242 ex-

528 1285 720 1363 plicari
758 1296 845 1339 aut
876 1280 1013 1335 solui
1054 1281 1259 1348 possunt
1286 1314 1300 1340 ‚
1350 1291 1481 1345 quae
1509 1291 1645 1329 vero
1675 1292 1742 1328 ex
1765 1275 1878 1327 aliis
1906 1273 2189 1345 principiis

529 1370 809 1430 difficulter
857 1382 957 1421 nec
1009 1365 1113 1418 sine
1163 1360 1471 1434 ambagibus
1520 1361 1927 1416 determinantur
1958 1402 1973 1429 ‚
2007 1358 2192 1431 quibus

533 1471 816 1514 annumero
852 1493 866 1520 ,
924 1466 1054 1521 quae
1079 1445 1307 1518 superius
1344 1447 1447 1500 dixi
1485 1449 1624 1501 circa
1660 1447 1985 1500 vibrationes
2022 1445 2183 1499 chor-

442 1535 448 1540 ’
533 1545 713 1599 darum
749 1551 801 1592 et
835 1535 1192 1590 oscillationes
1230 1533 1516 1589 fluidorum
1548 1533 1602 1586 in
1640 1531 1773 1585 tubis
1805 1530 2019 1584 reflexis
2046 1571 2060 1598 ,
2090 1545 2192 1583 nec

531 1646 639 1685 non
683 1642 744 1680 ea
772 1666 787 1693 ‚
844 1640 973 1695 quae
1001 1623 1066 1677 de
1096 1619 1340 1691 grauibus
1372 1618 1600 1674 rotando
1637 1614 2074 1672 descendentibus
2103 1614 2189 1667 vel

527 1717 590 1770 de
616 1710 939 1784 corporibus
978 1707 1213 1763 rot-ando
1245 1707 1296 1759 in
1322 1704 1372 1760 se
1393 1707 1623 1761 inuicem
1659 1700 2072 1775 impingentibus
2093 1716 2188 1754 ex-

537 1798 698 1872 posui.
809 1794 1034 1853 Caetera
1070 1805 1434 1862 argumentum
1469 1793 1623 1864 plane
1658 1790 1732 1845 est
1756 1804 1955 1844 nouum
1990 1799 2044 1841 et
2069 1786 2194 1840 nulli

531 1887 777 1941 haetenus
802 1897 1059 1955 quantum
1080 1879 1184 1936 scio
1226 1879 1626 1936 confidentumi
1687 1874 2197 1932 Demonstrationcs

537 1973 635 2028 alia
658 1972 775 2026 vice
790 1972 1017 2026 mittam²
1954 1967 1957 1969 ’

1219 2050 1500 2109 Monitum.

678 2179 715 2211 ‚,
747 2141 1131 2212 Experimenta
1160 2137 1447 2193 desiderata
1471 2141 1523 2191 in
1539 2136 1732 2192 scholio
1746 2135 2123 2191 Theoi-ematis
2142 2133 2197 2196 8..

543 2277 573 2304 „
600 2233 800 2288 fuerunt
823 2229 1049 2281 instituta
1087 2224 1467 2278 accuratiffime
1514 2224 1566 2277 in
1605 2222 1818 2277 diuersis
1857 2223 2199 2294 corporibus„

545 2362 577 2389 „
601 2332 764 2388 eaque
802 2314 955 2384 plane
987 2327 1109 2364 cum
1134 2308 1379 2365 Theoria
1418 2311 1699 2363 conuenire
1741 2307 2068 2364 obseruatum
2090 2307 2201 2365 fuit.

550 2447 578 2473 „
611 2402 676 2456 In
707 2400 930 2470 sequenti
968 2398 1187 2469 epistola
1223 2398 1287 2451 ad
1313 2397 1469 2451 filium
1517 2397 1635 2449 data
1679 2395 1798 2448 talia
1828 2396 1891 2449 ad
1913 2396 2018 2451 hoc
2047 2413 2194 2468 argu-

555 2526 591 2558 2,
611 2498 857 2542 mentum
884 2484 1193 2555 pertinentia
1224 2497 1378 2555 atque
1399 2485 1448 2536 in
1478 2482 1695 2536 iatinum
1727 2479 2026 2536 sermonem
2061 2480 2204 2537 versa

554 2617 585 2646 ᾗ,
611 2569 1065 2640 rescripfitliorum
1095 2572 1478 2635 theorematum
1505 2565 1735 2625 Auctor.

711 2651 852 2712 'Non
881 2656 1110 2712 dubitaui
1138 2652 1158 2726 ,*
1198 2659 1314 2728 quin
1332 2657 1488 2712 facile
1514 2655 1770 2710 inuenircs
1794 2653 2197 2710 demonstratio-

2115 2757 2218 2796 nes
