2393 3590
726 110 1346 175 CAPILLARIBVS.
1730 134 1851 197 237

199 296 345 338 care:
375 270 562 335 Faciat
585 265 684 335 id,
743 279 795 322 et
832 283 899 321 ex
938 269 1172 326 dicendis
1204 269 1499 343 discerpat,
1554 272 1632 329 cui
1656 274 1854 349 volupe

197 367 280 421 est.

344 447 449 506 VI.
535 443 960 514 Explicationem
986 445 1048 502 ab
1084 442 1352 502 Honorato
1386 443 1561 503 Fabri
1602 446 1852 521 proposi⁶

191 552 303 593 tam
327 534 492 589 tilem
515 532 564 584 in
602 530 935 601 compendio
961 530 1226 589 Sturmius
1260 535 1468 590 exhibet
1500 578 1514 605 ‚
1550 549 1604 590 et
1644 551 1847 609 appro-

193 624 317 689 bat,
359 619 517 673 saltim
556 617 620 669 ab
655 618 850 686 initio3
888 635 1110 692 namque
1142 623 1192 674 in
1232 619 1506 678 Auctario
1540 634 1708 684 mutat
1735 620 1840 676 sen-

191 710 427 765 tentiam.
520 704 555 736 “
578 694 820 771 Constat,
853 705 1087 780 inquiunt
1123 697 1170 763 V
1172 708 1245 762 iri
1273 706 1461 777 Εοὸῗί,
1518 727 1697 765 aerem
1713 725 1846 779 no-„

196 797 355 852 strum
378 790 473 847 effe
500 804 608 842 non
640 807 857 862 grauem
880 793 1068 860 solum,
1097 791 1184 848 sed
1206 808 1259 849 et
1284 791 1847 868 compreffum.Gra-„

195 885 404 938 uitatem
457 892 615 946 agere
670 894 782 931 non
835 875 1111 934 secundum
1160 884 1394 951 molem,
1439 879 1527 936 sed
1579 883 1845 952 altitudi-‚,

194 987 319 1024 nem
345 1004 358 1033 ‚
395 961 562 1033 posita
609 962 714 1016 basi
763 963 971 1021 eadem,
1062 961 1170 1019 Sed
1219 971 1579 1040 compreffum
1615 985 1846 1041 corpus„

193 1046 592 1126 quaquaversum
619 1065 779 1122 agere
803 1090 817 1115 ,
860 1061 913 1103 et
937 1060 1087 1103 tanto
1112 1052 1285 1122 magis
1321 1095 1336 1121 ,
1379 1071 1485 1124 quo
1520 1056 1594 1109 est
1620 1057 1849 1127 copia„

192 1141 295 1196 fius.
383 1135 446 1190 Id
472 1134 645 1192 fontes
674 1134 971 1190 artificiales
996 1153 1093 1207 per
1127 1140 1494 1207 compressum
1538 1157 1713 1196 aerem
1751 1158 1843 1212 o-„

183 1236 430 1299 perantes
469 1259 482 1290 ,
522 1237 572 1276 et
607 1223 935 1278 bombardas
969 1223 1147 1278 testari
1180 1225 1540 1297 pneumaticas
1566 1262 1581 1293 ‚
1629 1243 1737 1298 quo
1757 1244 1845 1297 e-„

182 1313 289 1368 nim
315 1311 429 1381 plus
457 1310 588 1364 aeris
620 1309 859 1365 istorsum
884 1311 1178 1382 compellas
1208 1327 1502 1385 cogasque‚
1522 1323 1667 1366 tanto
1693 1312 1776 1367 for
1811 1354 1843 1382 ‚,

178 1399 379 1454 tiorem
410 1397 507 1450 effe
536 1395 800 1450 effectum.
888 1394 1112 1467 Aquam
1136 1399 1293 1471 igitur
1318 1400 1372 1453 in
1426 1397 1615 1455 tubulis
1649 1400 1844 1471 capil-‚‚

179 1482 374 1541 laribus
402 1481 571 1536 attolli
594 1482 659 1536 ab
697 1499 819 1536 aere
861 1496 1116 1553 extern0‚
1162 1504 1274 1541 non
1300 1499 1554 1560 quatenus
1581 1489 1845 1562 grauiter„

179 1568 688 1647 perpendiculariter
714 1569 962 1626 deorsum
1011 1593 1027 1643 3
1072 1570 1157 1627 sed
1190 1587 1435 1646 quatenus
1475 1573 1842 1646 compressuS„

181 1657 331 1714 valde
363 1656 770 1729 quaquaversum
811 1673 1009 1727 vrgeat.
1110 1660 1381 1715 Exteriori
1412 1663 1666 1717 accessum
1704 1661 1840 1729 effe„

179 1746 428 1813 liberum,
456 1757 508 1800 et
541 1744 593 1797 in
629 1746 862 1800 maxima
891 1748 1050 1821 copia
1077 1746 1143 1800 ad
1167 1747 1463 1822 vrgendam
1484 1765 1675 1821 aquam
1705 1746 1836 1816 fibi„

173 1833 448 1888 subiectam
491 1852 506 1903 3
554 1829 638 1886 sed
678 1833 993 1888 interiorem
1037 1849 1222 1904 aquam
1259 1835 1459 1909 nonpifi
1484 1836 1550 1889 ab
1572 1853 1632 1890 ea
1654 1847 1836 1908 parte„
1879 1832 1981 1894 Fig.
2023 1833 2066 1882 I·

175 1921 304 1976 aeris
357 1920 537 1990 attingi
586 1954 602 1986 ‚
662 1936 817 1992 quam
878 1937 1044 1975 conus
1104 1920 1193 1976 ihk.
1232 1923 1653 1994 complectatur:
1704 1923 1832 1991 ita-„

170 2025 264 2080 que
288 2006 478 2062 eleuari
499 2022 689 2077 aquam
713 2007 1027 2063 interiorem
1055 2005 1121 2060 ab
1146 2010 1417 2064 exteriore
1442 2053 1457 2080 ‚
1501 2025 1660 2082 quam
1688 2025 1835 2078 ma-„

173 2098 248 2170 gis
272 2107 458 2168 vrgeat
481 2093 796 2149 incumbens
815 2096 990 2150 maior
1018 2097 1148 2152 aeris
1179 2097 1368 2153 moles,
1397 2133 1438 2164 ,‚

305 2182 438 2241 VII.
529 2177 676 2254 Sapit
720 2191 941 2238 aetatem
959 2179 1108 2256 suam
1145 2184 1277 2239 haec
1306 2183 1594 2258 explicatio
1623 2201 1635 2236 ι
1668 2181 1835 2237 abuti-

170 2281 248 2326 tur
283 2271 423 2325 enim
464 2268 716 2341 ambigua
746 2271 1020 2326 locutione
1055 2289 1072 2342 ·,
1125 2272 1348 2341 negligit
1385 2270 1697 2337 mensuras3
1733 2272 1833 2322 im-

168 2358 328 2429 pingit
361 2359 412 2412 in
440 2356 717 2411 theorema
741 2357 1190 2429 hydrostaticum‚
1242 2377 1382 2413 nunc
1403 2359 1568 2428 vulgo
1592 2369 1780 2411 notum
1816 2375 1834 2425 3

174 2457 221 2498 et
257 2445 320 2499 ad
359 2460 646 2500 commune
681 2443 967 2519 superioris
1005 2447 1120 2500 aeui
1150 2445 1351 2517 asylum
1378 2489 1392 2514 ,
1426 2449 1559 2501 aeris
1586 2458 1831 2515 operam,

173 2533 433 2604 confugit,
520 2532 733 2589 Verum
761 2534 864 2602 est,
916 2549 1110 2604 corpus
1133 2534 1490 2606 compressum
1529 2547 1682 2602 agere
1719 2543 1832 2583 tan-

178 2625 234 2666 to
262 2615 469 2684 fortius,
519 2635 629 2691 quo
653 2619 727 2672 est
761 2622 830 2687 (ἔῃ
870 2621 1069 2676 eodem
1091 2619 1276 2694 spatio)
1306 2620 1606 2691 copiosius,
1652 2618 1699 2671 id
1720 2616 1818 2683 est,

176 2704 519 2774 compreffius
610 2701 661 2767 F
669 2706 848 2781 alium,
877 2724 1028 2782 agere
1052 2705 1232 2764 fortius
1260 2745 1277 2780 2
1311 2708 1349 2766 fi
1381 2705 1458 2785 (in
1482 2704 1678 2764 maiori
1714 2701 1827 2773 spa-

965 2789 1017 2850 G
1045 2812 1080 2871 g
1124 2807 1153 2869 3
1730 2786 1827 2866 tio)
