2393 3590
499 110 630 180 442
922 86 1171 175 Num
1217 81 1722 149 ERYTHRAEI

503 265 646 318 nem,
670 250 843 322 estque
864 244 1002 302 illius
1029 243 1196 300 caussa
1223 244 1301 299 rei
1322 242 1389 298 ab
1418 242 1632 300 eruditis
1665 239 2007 313 reprehensus
2048 252 2101 298 et
2131 258 2162 299 a

510 335 652 391 Iusto
678 335 864 408 Lipsio
898 330 1303 406 propemodum
1348 328 1601 381 laceratus
1632 357 1647 389 ‚
1707 329 1878 383 donec
1913 327 2164 385 Thomas

505 419 760 494 Lydi-atus
785 423 891 475 iam
912 418 1146 487 Vndique
1172 415 1539 467 circumuento
1551 410 1738 465 auxilia
1761 411 1982 469 submisit
1998 416 2170 471 osten-

507 508 682 581 ditque
707 508 786 563 seu
815 521 879 559 ex
910 519 1069 569 vem,
1104 500 1186 554 seu
1213 497 1482 570 probabili
1512 498 1808 553 coniectura
1836 539 1850 568 ,
1882 498 2073 553 Ionem
2099 501 2160 556 il·

502 594 616 648 lum
643 612 748 648 non
770 592 942 661 vtique
963 586 1127 644 Xuthi
1156 586 1241 640 sed
1269 578 1449 640 Codri
1469 581 1610 642 fuisse
1629 585 1792 638 filium
1814 620 1827 651 ‚
1865 582 2027 641 Nelei
2060 585 2161 641 fra-

506 693 671 739 trem,
762 676 1061 736 Hellanicus
1088 675 1138 726 in
1156 670 1361 726 Atticis
1383 676 1471 744 (3)
1502 670 1770 726 dedustam
1793 671 2046 742 Erythras
2076 688 2169 726 co-

507 766 710 822 loniam
739 766 905 819 refert
932 779 958 814 a
984 757 1169 814 Neleo
1195 752 1375 814 Codri
1401 758 1545 824 filio,
1578 774 1606 811 a
1633 773 1737 829 quo
1774 770 2009 814 caeteras
2040 774 2169 829 quo-

509 869 611 924 que
641 851 847 906 Ionicas
885 848 1122 902 colonias
1160 847 1458 902 constitutas
1492 840 1631 899 fuiffe
1657 842 1954 899 multorum
1986 845 2172 917 opinio

510 941 608 1008 est,
639 953 770 1009 quos
795 952 986 989 omnes
1019 933 1124 990 hoc
1150 933 1284 987 loco
1318 932 1471 986 testes
1495 930 1794 1002 producere
1813 933 2047 1003 putidum
2075 947 2172 985 no-

511 1025 595 1079 bis
621 1023 855 1091 videtur,
890 1037 1013 1076 cum
1038 1023 1091 1074 in
1119 1019 1252 1074 illius
1276 1018 1546 1074 memoria
1571 1020 1750 1072 aetatis
1785 1017 1910 1074 nihil
1943 1017 2177 1073 celebra-

512 1113 616 1166 tius
640 1106 1058 1164 Heraclidarum
1090 1105 1375 1160 autIonum
1399 1103 1731 1174 profectione
1753 1105 1837 1166 sit.
1922 1103 2179 1160 Ionesau-

513 1211 625 1251 tem
649 1196 714 1251 ab
739 1194 1038 1253 Heraclidis
1064 1187 1126 1248 ἐν
1151 1185 1341 1244 mooe*
1354 1206 1390 1256 ῳ
1415 1203 1484 1239 ex
1508 1183 1770 1259 Aegialea
1805 1204 1860 1244 et
1889 1191 2088 1246 Isthmo
2113 1208 2167 1245 e-

513 1283 633 1338 iecti
661 1318 678 1350 ,
726 1298 848 1335 cum
882 1280 933 1333 in
962 1276 1154 1332 Attico
1178 1290 1338 1346 agrO,
1372 1270 1552 1339 (sterili
1571 1273 1878 1344 praesertim
1907 1289 1962 1331 et
1987 1275 2183 1352 inope}

514 1367 862 1440 exsuperante
897 1359 1232 1416 multitudine
1256 1401 1269 1427 ‚
1316 1376 1481 1414 nouas
1514 1370 1676 1416 terras
1708 1379 1959 1433 quaerere
2002 1378 2178 1436 coge-

512 1468 693 1512 rentur
717 1493 731 1520 ,
767 1452 955 1505 ducem
990 1463 1237 1520 reperere
1262 1444 1498 1503 Neleum
1527 1437 1703 1501 Codri
1732 1447 1934 1518 filium,
1974 1449 2062 1520 qui
2083 1467 2169 1503 re-

518 1556 626 1615 gno
645 1534 954 1593 Atheniensi
982 1550 1079 1607 per
1101 1534 1205 1587 vim
1222 1546 1487 1603 occupato
1513 1535 1802 1592 exciderat.
1890 1532 2043 1592 Nam
2056 1550 2178 1591 cum

517 1626 723 1684 Medon
747 1619 905 1680 Nelei
938 1618 1099 1675 frater
1124 1635 1298 1692 regno
1329 1619 1421 1672 illo
1448 1620 1699 1691 precario
1728 1617 1926 1688 potitus
1953 1619 2083 1675 effet
2107 1637 2178 1675 ex

513 1711 684 1784 Pythii
705 1709 964 1766 sententia
990 1749 1008 1775 ,>
1046 1704 1256 1764 Neleus
1280 1706 1443 1762 Ionas
1470 1702 1710 1760 factionis
1735 1703 1850 1758 suae
1876 1704 1973 1760 fibi
1994 1722 2181 1780 aggre-

512 1800 655 1870 gauit
704 1795 1000 1867 Asiamque
1057 1809 1178 1848 cum
1226 1790 1380 1847 claffe
1423 1792 1588 1865 petiit.
1675 1790 1834 1849 Hanc
1880 1790 2076 1847 Ionum
2118 1789 2180 1849 οἷ-

514 1882 751 1941 ’ποικίαν
800 1894 1035 1936 veterum
1086 1879 1303 1952 quidam
1348 1893 1560 1934 centum
1600 1891 1654 1932 et
1695 1872 2039 1950 quadragintis
2081 1898 2171 1935 an-

517 1987 716 2027 norum
739 1966 1016 2023 interuallo
1044 1985 1074 2022 a
1099 1966 1273 2022 Troia
1294 1980 1451 2038 capta
1478 1964 1754 2030 definiunt,
1788 1980 1817 2017 a
1845 1979 1950 2034 quo
1969 1977 2178 2039 tempo-

517 2076 580 2114 re
612 2055 906 2111 chronicon
929 2070 1301 2108 marmoreum
1329 2070 1436 2108 non
1465 2051 1751 2105 admodum
1781 2047 2047 2120 abhorret,
2061 2069 2180 2107 cum

519 2157 734 2198 centum
762 2155 814 2195 et
836 2142 1045 2213 triginta
1071 2139 1280 2194 duobus
1314 2140 1454 2193 anule
1492 2136 1556 2190 ab
1585 2135 1794 2199 excidio
1815 2136 1960 2191 vrbis
1986 2139 2175 2194 ΕΦΕ-

520 2224 683 2284 ΣΟΝ
724 2219 1075 2282 ΕΡΥΘΡΑΣ
1117 2214 1668 2279 ΚΛΑΖΟΜΕΝΑΣ
1716 2221 1955 2278 conditus
1992 2224 2179 2294 prodit.

522 2312 608 2368 At
626 2329 739 2365 non
760 2315 910 2366 vnius
936 2313 1112 2377 duci5‚
1149 2328 1246 2364 nec
1279 2310 1395 2364 anni
1419 2308 1566 2360 vuius
1595 2307 1648 2360 id
1670 2325 1804 2378 opus
1828 2306 1934 2365 fuit.
1964 2310 2182 2367 Prae-ter

522 2397 759 2463 Neleum
791 2398 954 2450 ceteri
977 2412 1186 2467 quoque
1212 2392 1386 2451 Codri
1411 2391 1511 2446 filii
1544 2392 1771 2463 profecti
1805 2393 1919 2450 sunt
1964 2396 2181 2451 diuersis

523 2486 688 2543 annis,
733 2480 796 2536 In
817 2481 1005 2554 quibus
1028 2481 1361 2550 Pherecydes
1389 2481 1559 2537 auctor
1582 2479 1686 2547 est,
1716 2477 1803 2558 (4)
1829 2477 2182 2547 Androclum

2083 2570 2215 2623 free.

740 2649 818 2708 (3)
858 2649 972 2712 apud
1003 2646 1424 2710 Harpocrationem
1460 2662 1505 2707 p.
1548 2659 1641 2703 173.
1707 2645 1787 2703 (43
1828 2646 1943 2709 apud
1988 2645 2180 2694 Strabo⁸

526 2732 632 2766 nem
651 2731 749 2774 730.
775 2729 871 2774 731‘
906 2710 953 2759 Is
984 2719 1039 2761 est
1056 2707 1484 2774 Phercydesssyrus
1503 2741 1519 2766 ,
1548 2707 2181 2777 quiCyritemporibus-prin

527 2800 624 2831 mus
646 2780 871 2831 historiam
890 2776 1129 2828 Graecam
1153 2780 1382 2827 tractauit,
