2393 3590
294 1744 421 1792 Expff
440 1742 462 1768 ‘¹

427 1759 435 1787 ἱ
453 1759 483 1784 ζ·

537 119 665 196 296
1019 111 1130 172 DE
1217 101 1712 171 GLANDVLIS

533 272 774 347 primitur
807 312 820 330 ,
879 283 1036 338 prout
1060 269 1195 325 fama
1244 269 1392 324 huius
1439 267 1564 322 noui
1606 266 1795 328 inuenti
1849 261 2002 320 initio
2040 264 2192 323 secu-¹

533 361 566 414 li
597 358 866 412 increbuit:
887 356 1164 411 inuentum
1192 356 1336 420 sane,
1378 356 1556 406 multis
1583 359 1801 427 egregiis
1835 353 2192 410 meditationi-

534 445 627 498 bus
657 444 829 497 uniam
859 444 1112 511 praebens
1143 485 1156 510 ‚
1210 458 1317 512 quo
1342 439 1621 510 pulchrius,
1657 442 1989 508 nobiliusque
2019 443 2106 494 vix
2132 456 2192 494 ac

539 549 606 585 ne
630 533 722 583 vix
772 531 1061 599 excogitari
1107 528 1292 599 potest.
1385 522 1565 598 Quam
1611 523 1685 576 ob
1728 543 1846 581 rem
1886 522 2190 582 sententiam

541 633 720 672 meam
746 628 797 668 vt
814 630 1080 685 exponam
1102 657 1113 678 ,
1146 615 1287 685 prius
1312 609 1683 679 experimenta
1702 612 1872 666 affero
1891 645 1905 676 ,
1924 623 1992 660 ex
2011 612 2194 680 quibus

543 702 633 758 illa
659 703 925 769 originem
952 701 1097 753 simul
1122 716 1183 753 ac
1209 698 1602 751 fundamentum
1630 698 2198 770 mutuanlixperimen-

540 803 593 844 ta
612 831 624 853 ,
646 789 716 841 vti
759 787 907 856 spero
938 828 950 852 ‚
981 786 1225 838 beneuoli
1248 783 1469 839 leston-es
1494 785 1800 854 cogitabunt
1825 786 2028 853 ‚minus
2050 799 2197 837 erro-

543 878 589 929 ri
617 888 669 926 et
696 871 862 926 fraudi
899 872 1166 937 obnoxia,
1209 868 1505 940 perspicua,
1540 871 1872 944 veritatisque
1905 883 2086 924 notam
2114 869 2194 923 se-

545 975 664 1013 cum
703 956 1037 1012 aduehentia:
1072 954 1223 1014 Nam
1250 969 1457 1010 certum
1480 956 1582 1023 est,
1613 959 1755 1028 quod
1778 958 2200 1031 experimentum

536 1047 586 1100 in
619 1045 823 1099 minutis
847 1042 1168 1098 animalculis
1190 1040 1342 1112 saepe
1363 1044 1620 1097 incertum
1649 1061 1707 1098 ac
1729 1043 1920 1111 fallax,
1959 1043 2014 1096 in
2038 1043 2205 1097 maio-

544 1132 696 1186 ribus
724 1148 752 1184 e
778 1129 1069 1193 contra7in
1105 1126 1292 1197 quibus
1315 1125 1543 1181 sensuum
1573 1128 1813 1200 suffragia
1837 1130 2194 1202 minusimpe-

545 1220 650 1272 dita
683 1214 820 1282 sunt,
855 1215 958 1268 fine
987 1213 1144 1267 dubio
1165 1228 1218 1266 et
1244 1214 1579 1284 ambiguitate
1601 1216 1791 1268 institui
1821 1216 2032 1287 possint.
2075 1210 2202 1270 Per-

543 1303 768 1358 lustratis
795 1301 968 1370 itaque
994 1298 1167 1351 cordis
1191 1297 1548 1368 Elephantini,
1590 1299 1653 1351 de
1678 1316 1784 1371 quo
1818 1299 1962 1369 supra
1996 1305 2204 1355 mentio

542 1391 726 1444 inierfta
758 1385 880 1449 fuit,
916 1384 1149 1456 partibus
1171 1385 1408 1438 maxime
1436 1382 1602 1437 obuiis
1630 1428 1644 1453 ‚
1678 1385 1912 1456 exempli
1935 1386 2091 1454 gratia
2125 1385 2207 1441 fo-

547 1493 702 1538 ueae,
732 1489 945 1543 quarum
978 1469 1261 1523 nonnullae
1285 1470 1489 1542 pollicis
1525 1470 1850 1526 diametrum
1890 1471 2203 1541 aequabant,

547 1562 826 1614 columnae
853 1555 1103 1625 pollicem
1128 1557 1293 1622 latae,
1344 1556 1574 1610 valuulae
1599 1557 1909 1628 peramplae
1943 1569 1993 1609 et
2018 1558 2210 1611 crassae

547 1648 650 1700 sine
685 1643 912 1717 globulis
960 1656 1134 1695 tamen
1179 1641 1262 1695 seu
1302 1641 1622 1714 corpusculis
1651 1686 1664 1710 ,
1714 1645 1765 1696 in
1792 1641 2209 1714 figmoidearum

544 1731 718 1785 limbo
742 1728 1124 1795 deficientibuS‚
1144 1728 1491 1784 etc.Primum
1514 1731 1946 1800 experimentum
1968 1727 2073 1783 hoc
2100 1729 2214 1799 fuir,

296 1827 354 1855 me
371 1822 464 1854 „nm
482 1823 517 1850 ¹·
546 1818 736 1882 videre,
754 1833 816 1868 an
843 1815 961 1886 post
987 1818 1426 1885 expurgationem
1443 1832 1503 1870 ac
1529 1816 1819 1870 elotionem
1834 1815 2040 1884 cordis,
2065 1818 2214 1886 quod

556 1917 709 1958 antea
746 1900 998 1975 exsangue
1031 1901 1378 1974 pallidumque
1414 1903 1708 1975 apparebat
1753 1944 1767 1972 ,
1837 1900 2036 1957 detersa
2071 1903 2217 1973 prius

554 1990 702 2043 omni
730 1987 1036 2042 humiditate
1065 1988 1340 2042 aduentitia
1363 2032 1376 2057 ,
1419 1989 1612 2057 sanguis
1637 2006 1733 2059 per
1760 1987 2211 2058 compreffionem

556 2077 735 2129 cordis
759 2074 1172 2142 arteriarumque
1193 2086 1244 2125 et
1267 2090 1518 2126 venarum
1548 2074 1947 2127 coronat-iarum
1963 2088 2210 2142 ‚quarum

556 2159 845 2231 amplitudo
888 2159 1117 2212 maxima
1158 2170 1273 2210 erat
1296 2198 1310 2223 ,
1355 2175 1384 2210 e
1421 2158 1768 2210 membranae
1801 2159 1949 2229 poris
1983 2158 2216 2228 exprimi

558 2248 770 2319 posset3
804 2243 888 2297 sed
920 2257 1135 2298 conatus
1165 2244 1331 2297 irritus
1367 2244 1482 2301 fuit.
1511 2241 1638 2297 Post
1667 2241 1991 2311 haec,vnum
2016 2245 2214 2298 ventri-

561 2334 732 2386 culum
757 2331 936 2385 cordis
961 2330 1268 2400 aliquamdiu
1293 2346 1420 2401 aqua
1452 2327 1607 2382 affusa
1627 2331 1919 2398 maceraui,
1956 2329 2217 2386 adtollen-

564 2418 707 2484 dum,
739 2414 775 2468 s1
804 2415 1046 2486 poffibile
1085 2416 1205 2469 effer
1231 2451 1244 2482 7
1280 2430 1444 2468 omne
1472 2432 1634 2486 genus
1662 2414 2168 2487 impedimentorum
2194 2434 2211 2489 ς

563 2499 736 2557 Alter
752 2535 766 2566 ,
824 2501 894 2552 vti
922 2501 1287 2565 erat,inta‹5tus
1300 2500 1610 2570 permansit3
1645 2505 1840 2556 cauitas
1864 2501 2136 2571 Vtriusque
2159 2518 2212 2556 a·

566 2599 720 2658 perta
747 2599 799 2638 et
834 2586 1040 2640 diducta
1061 2586 1184 2651 fuit,
1223 2598 1277 2638 vt
1311 2586 1552 2657 quicquid
1588 2586 1742 2640 fieret
1771 2590 1903 2642 intus
1926 2621 1942 2654 ,
1977 2586 2142 2641 statim
2166 2589 2219 2641 in

569 2672 907 2746 cimspestum
937 2673 1123 2726 veniat.
1206 2671 1352 2730 Hinc
1400 2689 1587 2745 aquam
1621 2671 1761 2727 flauo
1797 2673 1983 2728 colore
2010 2673 2219 2731 tinet-am

2165 2772 2221 2816 et
