2393 3590
687 54 1320 144 CAPILLARIB'VS.
1721 104 1851 164 239

183 261 266 306 tur
294 261 384 318 per
417 237 552 294 dicta
587 235 728 310 prius
764 233 1135 308 phaenomena
1172 237 1436 295 crassioris
1470 256 1667 314 opera,
1709 258 1845 297 non-

181 336 308 390 dum
337 325 609 383 subtilioris
642 334 696 376 et
736 323 962 379 aetherei
987 323 1127 379 aeris,
1217 325 1533 384 Excluditur
1560 327 1847 387 discrimen

175 415 448 494 preffionis
486 414 718 466 internae
748 423 903 484 atque
937 422 1229 483 externae,
1298 431 1328 469 a
1360 417 1556 470 maiori
1587 416 1846 473 minoriue

177 507 298 563 aeris
328 514 493 570 aeque
515 496 651 552 densi
672 497 829 568 copia
856 498 1161 554 oriundum.
1188 515 1243 559 v.
1272 506 1320 579 ᾗ,
1345 512 1399 573 7.
1484 502 1651 580 Quod
1673 503 1845 577 ipsum

177 593 361 656 etiam,
405 586 443 641 fi
461 585 543 639 vel
563 585 803 639 maxime
830 585 1003 640 inuitis
1021 585 1414 658 hydrostaticae
1446 590 1651 664 legibus
1677 592 1844 647 admi-

180 679 329 744 seri5‚
368 688 473 728 non
488 682 668 724 tamen
679 670 1060 744 phaenomenis
1083 674 1392 733 consentiet.
1476 675 1674 753 Neque
1697 678 1842 734 enirn

183 759 425 821 conuenit
447 757 609 812 tertio
637 792 653 823 ,
690 756 928 830 superius
951 758 993 831 gl.
1028 774 1081 816 2.
1108 778 1350 819 enarrato
1378 801 1393 835 ‚
1440 767 1587 823 cuius
1616 778 1834 822 contra-

183 852 320 911 rium
345 842 446 919 ipse
471 859 541 898 ex
568 843 666 899 hac
693 843 783 900 sua
822 845 1099 916 hypothesi
1117 849 1359 905 intulerat
1380 853 1628 910 inuentor
1654 852 1834 926 hypo-

184 935 392 996 theseos.
406 945 459 988 v.
480 924 675 986 Sturm.
701 928 853 988 Coll.
869 930 1002 989 Cur.
1023 931 1080 986 P.
1098 934 1144 992 I.
1161 953 1214 1005 p.
1233 936 1336 1013 46.
1353 932 1606 995 Conclus.
1630 955 1680 1013 3.
1719 936 1841 994 Ac=

185 1024 364 1080 cedunt
382 1029 560 1073 autem
585 1029 637 1071 et
663 1016 779 1085 alia,
815 1033 948 1088 quae
970 1016 1119 1089 istam
1137 1029 1241 1089 per
1265 1025 1449 1079 conulos
1475 1029 1577 1082 flue
1615 1027 1753 1082 aeris
1783 1026 1842 1082 fi.

179 1125 238 1168 ue
259 1102 477 1162 aetheris
499 1103 870 1159 incumbentes
902 1138 917 1170 ‚
982 1116 1036 1159 et
1055 1104 1347 1160 eorundem
1373 1114 1656 1181 premendi
1691 1110 1843 1168 diffe-

170 1193 359 1255 rentias
381 1189 751 1266 explicationem
778 1190 1035 1262 respuunt.
1118 1188 1275 1247 Talia
1300 1192 1439 1253 sunt:

424 1300 780 1364 10.Affumto
805 1304 990 1362 tubulo
1013 1306 1274 1378 longiori,
1306 1307 1448 1361 cuius
1475 1312 1665 1368 cauitas
1692 1311 1757 1368 ab
1781 1331 1839 1370 v·
1869 1324 2054 1393 Pham·
2073 1352 2145 1387 10.

164 1409 230 1450 na
256 1393 592 1447 extremitate
627 1391 693 1445 ad
733 1390 944 1447 alteram
984 1392 1224 1447 nonnihil
1247 1395 1586 1454 minuebatur
1608 1398 1837 1458 succeffi-
1873 1463 1879 1468 ,

162 1496 228 1536 ue
252 1522 266 1548 ‚
296 1477 517 1550 aequalis
549 1487 660 1532 erat
685 1493 846 1549 aquae
863 1479 1014 1551 supra
1034 1478 1272 1536 libellam
1296 1482 1550 1556 eleuati0‚
1585 1489 1687 1543 s1ue
1713 1507 1835 1562 pars

164 1565 432 1639 angustior
458 1562 629 1619 mersa
654 1561 833 1632 fuerit,
865 1564 974 1619 flue
1000 1567 1228 1640 amplior
1253 1587 1268 1642 ς
1305 1571 1479 1625 modo
1501 1572 1745 1646 suprema
1772 1597 1826 1633 a-

165 1671 296 1727 quae
333 1651 558 1707 eleuatae
595 1649 900 1724 superficies
933 1665 1166 1728 Vtroque
1191 1656 1247 1711 in
1270 1654 1385 1711 casu
1408 1663 1638 1717 eundem
1664 1664 1836 1721 tubuli

162 1742 340 1799 locum
367 1741 659 1809 attingeret.

314 1825 431 1882 Iam
455 1827 491 1882 fi
512 1827 619 1883 hoc
643 1826 710 1882 ad
736 1823 1047 1899 hypothesin
1068 1829 1351 1885 contuleris
1374 1876 1387 1902 ,
1435 1835 1623 1905 primo
1658 1837 1711 1892 in
1737 1856 1824 1895 ca-

162 1914 212 1973 su
242 1914 314 1969 ob
354 1928 570 1987 partem
598 1915 714 1970 tubi
755 1913 1084 1985 ampliorem
1136 1935 1296 1989 aquae
1345 1917 1832 1992 supereminentem

162 1998 381 2075 amplior
401 2018 567 2058 conus
599 2002 674 2057 est
710 2042 725 2071 ,
768 2018 927 2073 quam
966 2006 1019 2059 in
1044 2003 1272 2059 secundo
1298 2023 1309 2059 ε
1339 2007 1515 2080 itaque
1534 2011 1718 2065 minor
1745 2014 1832 2069 de-

162 2089 320 2145 bebat
344 2093 441 2146 efle
465 2089 693 2145 eleuatio
719 2106 907 2162 aquae,
951 2091 1026 2144 ob
1053 2094 1326 2147 minorem
1366 2098 1504 2151 aeris
1529 2113 1603 2151 eo
1630 2100 1829 2157 conulo

162 2179 393 2233 contenti
420 2177 775 2233 differentiam
795 2176 860 2231 ab
888 2192 1113 2233 externo
1137 2180 1187 2234 in
1217 2198 1404 2252 aquam
1433 2185 1561 2240 vasis
1588 2205 1828 2256 premen-

161 2275 225 2320 te.
293 2264 447 2322 Tum
470 2281 602 2320 vero
626 2266 791 2320 etiam
814 2264 947 2321 illud
974 2267 1148 2320 notari
1176 2266 1369 2335 debet,
1418 2273 1562 2342 quod
1592 2274 1827 2329 median·

161 2363 215 2406 te
234 2351 339 2408 hoc
360 2353 543 2408 tubulo
569 2353 684 2408 fieri
703 2351 859 2425 poffit
890 2395 904 2423 ‚
939 2366 998 2408 vt
1022 2354 1224 2409 conulo
1249 2357 1496 2412 ex'stente
1521 2360 1736 2415 minore
1763 2379 1820 2417 e-

158 2436 340 2495 leuatio
366 2457 527 2513 aquae
552 2438 702 2513 supra
725 2439 964 2496 libellam
989 2440 1054 2495 fit
1080 2442 1286 2513 minor,
1331 2460 1451 2500 cum
1475 2444 1695 2504 deberet
1730 2466 1826 2524 per

158 2521 463 2600 hypothesin
485 2529 654 2584 maior
677 2525 802 2588 effe,
888 2523 1163 2584 Nimirum
1182 2530 1254 2600 fig
1308 2546 1355 2605 3.

392 2638 416 2681 1
435 2639 457 2681 1
474 2621 554 2686 ‚Si
577 2640 702 2700 pars
722 2623 843 2680 tubi
870 2624 1093 2684 strictior
1118 2639 1230 2684 erat
1255 2641 1403 2686 extra
1428 2647 1614 2705 aquam
1649 2675 1665 2703 ‚
1709 2634 1816 2688 mi-

1718 2737 1821 2779 nor

1941 2679 2035 2728 11.
