2393 3590
934 182 1037 268 aaz&
1082 183 1100 266 <
1158 198 1226 265 35
1278 182 1432 269 )ἓ<<<·

662 344 829 424 DE
927 343 1671 425 BILANCIBVS

526 498 634 559 ET
677 495 930 560 Novis
962 496 1357 561 mvi—{Nus
1405 495 1775 559 STATICIS

970 660 1291 742 Auctore

599 815 768 898 Ioh.
866 817 1167 934 Georg.
1269 821 1716 901 Leutrnann.

1113 1034 1162 1095 1.

402 1149 483 1240 ΞΓ
555 1197 596 1236 ἶ
645 1161 901 1223 Ilancium
949 1180 1173 1238 Ὑνωσις
1200 1159 1642 1219 Mathematicum
1672 1163 1851 1234 decet,
1892 1186 1992 1242 ‘ye-
2036 1168 2224 1215 M.Inn.
2262 1180 2305 1212 et

688 1272 840 1320 νεο-ις
881 1250 1198 1307 Mechanico
1237 1249 1471 1304 debetur.
1562 1249 1806 1321 Vtraque
1851 1266 1902 1305 et
1946 1255 1998 1306 in
2030 1238 2147 1296 seqq.
2173 1249 2305 1294 1727·

689 1340 938 1396 Theoria
972 1350 1026 1392 et
1056 1340 1112 1392 in
1143 1339 1297 1409 praxi
1329 1336 1608 1403 fundatur,
1656 1336 1730 1389 ita
1766 1373 1781 1405 ‚
1827 1351 1885 1391 vt
1911 1337 1994 1393 hic

685 1427 882 1481 theoria
915 1424 1111 1496 absque
1140 1425 1294 1496 praxi
1323 1424 1515 1496 inanis,
1570 1422 1751 1497 praxis
1794 1422 1989 1499 absque

330 1522 540 1581 theoria
561 1524 877 1581 insufficiens
903 1526 1192 1596 reputanda
1214 1526 1293 1582 sit.

470 1625 532 1671 2.
618 1607 761 1668 Non
791 1612 991 1686 loquor
1031 1614 1096 1668 de
1135 1612 1428 1669 bilancibus
1477 1613 1779 1688 vulgaribus
1833 1625 1987 1687 atque

326 1695 685 1770 crassioribus,
729 1700 927 1756 minori
965 1703 1205 1778 ακξιξεια
1242 1715 1292 1756 et
1330 1703 1623 1756 attentione
1665 1702 1948 1757 elaboratis
1973 1744 1988 1772 ‚

318 1800 539 1856 quarum
566 1788 697 1843 vitia
718 1786 863 1842 facile
891 1787 1266 1861 dignoscuntur
1287 1802 1336 1843 et
1362 1788 1720 1844 discernuntur
1747 1789 1813 1843 ab
1834 1805 1986 1844 accu-

312 1870 729 1942 ratioribus‚leui
753 1873 995 1930 adhibito
1023 1877 1291 1932 examine.
1378 1873 1726 1929 Desudantin
1758 1875 1840 1930 his
1870 1875 1978 1929 ela-

316 1957 570 2014 borandis
600 1962 846 2034 opificeS‚
891 1963 1200 2035 cognitione
1226 1961 1534 2033 superficiali
1548 1960 1756 2026 imbuti,
1787 1961 1981 2016 fund-a·

316 2046 561 2102 mentalis
582 2051 761 2108 rudes,
854 2045 1161 2104 Subtiliores
1184 2062 1237 2102 et
1274 2050 1638 2102 accuratiores
1674 2047 1801 2103 mihi
1827 2064 1983 2103 curae

309 2131 433 2194 sunt,
474 2138 691 2194 Ili-arum
731 2135 975 2192 structura
997 2134 1063 2190 ad
1086 2134 1230 2204 leges
1252 2135 1588 2190 mechanicas
1608 2136 1979 2205 examinanda,

312 2224 441 2281 vitia
467 2226 775 2296 detegenda,
790 2237 842 2278 et
870 2222 1187 2295 corrigenda
1210 2265 1223 2291 ,
1273 2237 1322 2276 et
1345 2224 1560 2278 tandem
1585 2223 1730 2293 leges
1754 2221 1975 2292 dandae,

312 2311 380 2366 ad
417 2330 638 2385 quarum
678 2312 890 2368 ducium
920 2309 1318 2378 construantur,
1360 2323 1420 2364 vt
1445 2307 1725 2383 perfectior
1746 2310 1975 2379 prodeat

311 2398 587 2467 Machina,
606 2399 777 2452 vsibus
803 2397 993 2470 aptior.

472 2501 528 2560 3.
617 2485 864 2541 Maxime
896 2502 1035 2541 vero
1075 2501 1165 2552 ea,
1214 2501 1348 2556 quae
1381 2485 1447 2540 ad
1473 2484 1786 2540 structuram
1813 2483 1975 2540 bilan-

308 2576 450 2629 cium
478 2572 940 2628 docimasticarum
969 2586 1022 2627 et
1044 2572 1350 2627 trutinarum
1378 2574 1673 2644 pertinent,
1730 2572 1966 2643 explica-

308 2662 382 2715 bo
410 2703 422 2726 ‚
454 2675 505 2714 et
529 2661 807 2731 quomodo
833 2663 1078 2715 examina
1103 2677 1281 2714 earum
1319 2661 1579 2728 rigidiora
1614 2658 1922 2714 instituenda
1951 2678 1967 2731 ς

303 2747 493 2807 deinde
527 2763 663 2802 noua
698 2748 908 2806 inuenta
959 2746 1148 2805 addam
1173 2789 1186 2815 ,
1233 2761 1287 2802 et
1329 2745 1614 2802 discrimen
1652 2745 1968 2801 monstrabo

1116 2834 1165 2891 E
1210 2848 1247 2891 2
1840 2833 1970 2886 inter
