2393 3590
698 187 818 249 DE
902 189 1438 262 BILANCIBVS.
1623 219 1625 221 ¹
1848 209 1934 284 69

401 342 463 403 6.
553 342 779 401 Inferius
807 345 1316 421 parallelepipedum
1368 346 1432 406 A
1470 346 1515 429 ᾇ
1566 356 1670 428 dig.
1708 376 1737 414 a
1764 362 1930 418 fundo

253 431 604 505 pertundatur
625 435 677 488 in
698 424 881 490 medio
906 428 1483 512 quoadlongitudinem
1508 440 1679 501 fiffura
1706 446 1742 501 d
1770 459 1795 521 5
1820 449 1931 526 dig.

250 521 409 589 longa
436 521 479 597 {—
507 520 615 591 dig.
640 521 759 580 lata.

409 617 465 677 7.
554 605 704 662 Pone
729 606 1240 685 parallelepipedum
1278 616 1633 685 compositum
1673 614 1784 676 AB
1822 619 1931 679 fere

254 694 323 751 ad
360 707 569 765 tergum
604 694 816 751 cistulae
853 698 1089 772 erigatur
1117 699 1258 755 aliud
1311 701 1828 777 parallelepipedum
1871 711 1930 764 li-

251 797 451 853 gneum
492 778 543 837 C
591 784 670 856 5⁴}
699 783 813 852 dig.
854 782 1019 840 altum
1056 798 1110 839 et
1141 787 1304 858 priori
1332 792 1544 861 aequale
1573 793 1624 846 in
1665 793 1933 853 latitudine

253 882 304 924 et
330 867 554 923 craffitie
571 911 584 937 ‚
619 868 767 923 distet
789 887 817 923 a
836 871 1295 943 parallelepipedo
1322 871 1384 928 A
1418 890 1440 929 1
1458 926 1470 938 ,
1498 879 1599 948 dig,
1622 877 1853 939 fiffuram
1876 885 1932 940 in

249 955 678 1027 superioriparte
710 953 901 1009 habeat
937 969 989 1028 5.
1023 959 1125 1027 dig.
1150 959 1365 1029 longam
1400 963 1444 1028 -ἓ
1469 966 1574 1038 dig,
1605 966 1763 1022 latam
1780 986 1832 1040 e,
1855 971 1931 1027 ita

251 1055 311 1098 vt
331 1039 649 1112 respondeat
677 1037 884 1094 fissurae
908 1041 944 1093 d
965 1044 1160 1110 prioris
1184 1046 1620 1122 parallelepipedi
1640 1047 1723 1108 A.

389 1124 444 1185 8.
535 1126 772 1185 Vlterius
792 1125 1070 1181 ordinetur
1100 1128 1163 1180 ad
1191 1128 1417 1184 fissuram
1443 1151 1469 1186 e
1495 1140 1768 1195 afferculus
1791 1141 1847 1198 D
1875 1145 1924 1200 in

251 1232 369 1272 eam
390 1214 720 1281 inserendu5‚
747 1224 805 1266 vt
835 1212 914 1267 ibi
940 1230 1012 1268 ex
1038 1231 1138 1268 axe
1155 1232 1194 1287 g
1222 1216 1435 1272 traiecto
1471 1221 1691 1276 mobilis
1719 1228 1776 1280 fit
1809 1272 1823 1297 ,
1870 1245 1926 1287 et

251 1320 352 1374 per
378 1301 609 1357 fissuram
634 1298 670 1352 d
691 1297 1128 1373 parallelepipedi
1156 1300 1219 1356 A
1247 1315 1515 1374 transeat,
1545 1308 1735 1381 longus
1761 1314 1822 1367 fit
1851 1331 1929 1370 as-

250 1388 479 1444 serculus
505 1398 757 1458 quantum
786 1385 971 1439 cistula
998 1389 1132 1441 intus
1153 1389 1437 1459 permittit,
1482 1393 1613 1449 latus
1645 1392 1722 1475 h}
1761 1400 1925 1474 digit,

253 1472 440 1530 crassus
464 1477 508 1550 q}
536 1471 655 1543 dig:
727 1467 874 1524 Axis
895 1469 1094 1527 ferreus
1107 1491 1147 1545 g
1172 1476 1314 1531 latius
1336 1493 1499 1552 caput
1524 1480 1742 1554 habeat,
1789 1491 1931 1559 post.

252 1579 311 1616 ea
337 1556 767 1630 quadrangularis
796 1593 813 1626 7
848 1558 901 1612 in
921 1559 1100 1614 medio
1121 1561 1547 1633 cylindriformis
1569 1584 1621 1624 et
1645 1572 1845 1629 definat
1869 1578 1923 1633 in

251 1647 529 1702 cochleam
548 1656 854 1714 marem,vt
882 1662 984 1715 per
1001 1646 1284 1704 cochleam
1314 1650 1611 1710 foeminam
1643 1659 1927 1718 adduit-am

248 1732 421 1791 fifl'ura
459 1748 486 1786 e
523 1733 644 1801 cogi
679 1732 834 1803 poffit
872 1733 940 1787 ad
963 1732 1277 1790 afferculum
1303 1736 1361 1792 D
1395 1743 1582 1798 are‘tius
1603 1747 1925 1817 amplecten-

247 1822 406 1888 dum,
441 1831 757 1894 motumque
782 1820 896 1874 eius
923 1818 1290 1881 difficiliorem
1316 1827 1921 1900 aliquantulumredden-

242 1908 389 1966 dum.

403 2009 460 2068 9.
549 1991 613 2049 In
638 2011 700 2048 ea
722 2004 875 2066 parte
900 2011 1002 2066 qua
1021 1994 1676 2076 fisuramdparallepipedi
1697 1999 1760 2060 A
1778 2021 1922 2066 tran-

241 2085 304 2142 fit
342 2079 625 2138 afferculus
659 2080 713 2137 D
746 2081 1073 2138 exscindatur
1108 2086 1329 2141 frustum
1358 2085 1589 2162 superius
1614 2106 1666 2146 et
1694 2094 1917 2153 inferius

239 2189 336 2244 per
360 2183 530 2226 totam
557 2168 790 2224 afferculi
816 2170 1140 2225 anteriorem
1169 2187 1375 2243 partem
1413 2219 1426 2245 ‚
1479 2189 1540 2231 vt
1578 2179 1773 2236 residua
1807 2184 1918 2238 eius

239 2259 428 2330 portio
451 2258 644 2314 referat
661 2254 857 2331 prisma
865 2254 918 2331 s
934 2260 1346 2334 quadrangulare
1374 2266 1417 2333 ᾗ
1441 2265 1545 2339 dig.
1585 2268 1825 2340 crassum,
1866 2264 1913 2352 ,ξ

243 2345 424 2401 altum.

411 2443 506 2488 10.
595 2428 737 2487 Huic
758 2428 993 2505 prismati
1003 2432 1054 2508 s
1059 2438 1506 2493 accommodetur
1534 2437 1659 2494 alius
1685 2437 1909 2501 affercu-

238 2517 318 2573 lus
344 2517 408 2585 E,
451 2517 644 2589 longus
669 2532 834 2591 prout
878 2521 1087 2576 cistulae
1123 2523 1409 2594 long-tudo
1454 2524 1690 2581 admittit
1714 2564 1728 2595 ‚
1779 2529 1915 2587 latus

239 2618 299 2663 2.
333 2605 436 2677 dig.
466 2601 659 2659 craffus
691 2609 770 2686 πὲ-
793 2606 901 2679 dig,
989 2606 1054 2663 In
1078 2610 1182 2664 eius
1204 2610 1388 2665 medio
1413 2610 1701 2669 latitudinis
1724 2615 1818 2673 fiat
1830 2617 1912 2672 fo-

237 2707 424 2746 ramen
450 2691 862 2763 quadrangulare
877 2712 918 2769 g
939 2708 995 2752 vt
1012 2715 1113 2770 per
1139 2696 1271 2754 illud
1304 2696 1506 2775 prisma
1520 2697 1570 2777 s
1585 2698 1819 2762 afferculi
1847 2704 1908 2762 D

237 2777 521 2834 transmitti
537 2777 714 2851 poffit.

1021 2868 1120 2943 I‚3
1676 2877 1910 2936 11.Ex-
