2393 3590
577 163 1164 226 ALTITUDJNJS
1208 163 1413 226 Pom.
1747 183 1857 247 μς

336 324 513 385 Media
532 324 666 379 inter
690 320 841 378 hasce
873 335 980 380 tres
1005 322 1229 381 altitudo
1254 320 1530 377 solstitialis
1558 321 1626 377 est
1646 317 1735 391 60,
1770 319 1857 394 36¹

207 413 334 493 35'',
356 427 488 484 quae
509 409 620 466 fere
644 409 948 482 scrupulum
989 414 1222 484 primum
1259 411 1524 483 integrum
1554 411 1668 480 plus
1695 409 1860 465 habet

197 518 352 575 quam
388 516 449 553 ea
475 515 608 571 quae
646 508 797 550 antea
820 513 888 550 ex
919 498 1206 552 duodecim
1244 499 1355 552 aliis
1400 494 1866 551 observationibus

195 601 344 649 eruta
377 583 472 641 fuit
504 583 679 652 (artic.
704 579 781 655 7.)
863 580 1023 637 Unde
1074 597 1295 654 apparet
1329 584 1472 654 quod
1510 584 1688 639 tribus
1725 581 1863 637 hisce

197 676 379 731 diebus
400 669 644 727 refrafflo
672 668 955 723 obtinuerit
969 687 1076 724 uno
1100 668 1339 741 scrupulo
1365 671 1539 724 maior
1567 686 1728 742 quam
1753 669 1861 725 vul-

198 779 270 836 go
296 761 438 817 solet.
474 774 482 780 ²
521 755 823 816 Discrimen
848 754 952 810 hoc
977 758 1120 812 unius
1146 754 1375 829 scrupuli
1403 753 1516 811 fere
1543 756 1731 826 integri
1766 757 1865 810 ob·

193 841 571 905 servationibus
596 844 834 898 erroneis
851 842 1101 917 imputari
1125 846 1309 915 nequit
1348 885 1362 912 ‚
1396 855 1692 913 congruunt
1724 845 1862 898 enim

191 953 289 1009 per
321 945 428 986 tres
459 927 620 984 hosce
660 931 769 984 dies
813 931 945 983 intra
979 948 1148 1002 pauca
1177 930 1408 1002 scrupula
1433 929 1681 997 secunda,
1718 930 1866 1000 quod

192 1016 549 1077 exaCtitudinis
593 1028 795 1069 certum
841 1015 1092 1070 indicium
1140 1018 1230 1077 est.
1315 1016 1475 1074 Haud
1513 1032 1647 1071 vero
1689 1016 1867 1071 inutile

193 1108 297 1164 erit
321 1105 410 1162 hic
448 1117 713 1171 monere,
760 1100 905 1171 quod
941 1101 1230 1156 barometri
1273 1103 1531 1173 simplicis
1575 1104 1869 1159 mercurius

197 1193 367 1250 tribus
385 1188 522 1245 hisce
543 1187 729 1244 diebus
764 1185 1021 1243 summam
1048 1189 1273 1258 attigerit
1298 1187 1623 1242 altitudinem
1654 1223 1669 1254 ‚
1707 1205 1866 1259 quam

194 1281 404 1355 quidem
449 1276 679 1345 alioquin
716 1291 812 1345 per
847 1276 980 1330 duos
1017 1276 1116 1331 hos
1143 1291 1309 1329 annos
1331 1316 1345 1344 ,
1377 1273 1615 1346 quolibet
1640 1275 1868 1330 meridie

293 1361 621 1422 altitudinem
642 1363 891 1418 mercurii
918 1374 1100 1416 notare
1127 1360 1309 1418 solitus
1323 1403 1338 1432 ,
1383 1360 1624 1417 nondum
1645 1358 1750 1415 ob.³

901 1446 1130 1511 servavi.

814 1733 1245 1817 Monitum.

357 1963 468 2024 Um
489 1963 569 2024 D.
602 1963 754 2024 Proft
785 1959 1042 2025 Maierus
1077 1985 1129 2041 p.
1178 1964 1247 2028 18
1270 1980 1313 2042 5.
1352 1969 1543 2026 horum
1569 1963 1869 2028 Commen-

387 2055 570 2117 tarior‚
593 2067 818 2128 quatuor
851 2053 1142 2111 altitudines
1172 2056 1499 2112 meridianas
1528 2075 1598 2113 ex
1632 2059 1705 2113 his
1737 2077 1867 2131 quas

204 2139 376 2196 modo
411 2143 543 2198 attuli
568 2138 760 2212 (Artic.
793 2139 880 2217 6.)
905 2157 965 2196 ea
993 2141 1287 2199 intentione
1314 2144 1644 2214 adhibuerit,
1677 2160 1735 2201 ut
1766 2163 1861 2201 ex·

207 2227 392 2299 emplo
427 2229 597 2302 aliquo
620 2229 932 2286 methodum
956 2227 1097 2284 suam
1136 2231 1202 2285 de
1237 2233 1557 2288 inveniendis
1594 2249 1662 2287 ex
1687 2232 1870 2289 obier-

208 2316 420 2367 vatione
453 2314 677 2372 solstitiis
717 2315 1148 2387 commonstret,
1193 2319 1413 2373 easdem
1453 2335 1590 2374 vero
1636 2321 1795 2392 paulo
1837 2340 1867 2378 a

207 2400 336 2455 meis
363 2399 579 2459 diversas
604 2404 839 2460 attulerit
861 2423 877 2473 3
898 2402 1023 2459 hinc
1042 2406 1388 2462 necessarium
1418 2405 1868 2476 duximonere‚di-

206 2487 500 2544 versitatem
520 2491 653 2546 hane
680 2507 790 2546 non
818 2491 1008 2547 exinde
1034 2493 1335 2564 profestam
1361 2495 1489 2562 effe,
1517 2492 1660 2565 quod
1688 2494 1860 2551 diver-

205 2570 263 2625 so
291 2590 319 2627 a
344 2590 467 2629 meo
492 2577 830 2633 instrumento
856 2595 945 2633 eas
963 2578 1289 2648 obtinuerit,
1311 2579 1396 2635 sed
1410 2583 1551 2653 quod
1571 2578 1711 2634 hisce
1733 2587 1870 2640 meis

207 2656 651 2721 observationibus
692 2665 1087 2724 correcstionem
1128 2666 1431 2742 quadrantis
1477 2668 1793 2742 applicuerit
1839 2687 1870 2727 a

208 2759 327 2801 mea
353 2749 580 2808 nonnihil
608 2751 882 2815 diversam.

925 2838 986 2898 T
1002 2851 1052 2898 tt
1096 2853 1136 2899 2
1705 2841 1870 2900 Dein-
