2393 3590
765 84 879 142 DE
920 80 1148 144 PENE.
1702 90 1817 167 387

245 266 343 326 que
363 240 554 321 obscuri
573 237 776 298 tractus
797 283 811 310 ,
826 237 1138 316 fitbtilzffinu‘s
1174 249 1379 297 tantum
1411 240 1605 299 lineolis
1627 245 1811 304 mican-

234 335 380 392 ‚tibus
412 370 425 401 ‚
457 347 612 405 neque
636 328 741 384 illis
755 327 975 404 perfecte
994 330 1265 397 continuis,
1293 328 1527 404 distincti:
1556 330 1603 386 A
1613 330 1817 389 libiam.

234 422 431 500 pliores
452 426 606 473 erant
629 415 811 485 nitidi¹
852 417 901 473 in
925 417 1108 493 quibus
1137 415 1438 495 obscuriores
1465 416 1743 495 discernere
1761 422 1822 477 li-

235 524 357 564 neas
379 503 477 561 hac
497 501 716 559 methodo
734 517 820 558 non
835 503 998 564 licuit.

160 593 405 654 Haiienus
430 600 593 647 autem
615 589 822 664 obuersa
847 589 1383 668 eratfhlifiiperficies
1403 635 1417 663 ‚
1456 609 1609 668 quani
1645 593 1807 651 intue-

250 684 446 738 bamur.
531 671 699 749 Postea
718 678 769 731 in
791 688 1006 735 mentem
1029 681 1207 749 venit,
1245 680 1557 757 excursiones
1578 688 1630 738 et
1652 698 1815 738 conne-

243 769 398 825 xiones
416 763 594 818 borum
615 761 868 821 tractuum
896 767 1061 823 melius
1070 776 1366 842 perceptum
1394 769 1494 840 iri,
1522 767 1574 844 fi
1594 769 1815 843 interso-

241 855 330 911 lem
364 860 409 905 et
438 851 632 905 oculum
664 852 960 921 tenuiffimus
983 855 1156 926 fibrae
1191 853 1442 909 orbiculus
1480 855 1814 932 transuerstm

223 937 384 1017 sectus
402 938 817 1011 interponeretur.
905 938 979 992 Id
994 940 1182 1012 vtique
1202 941 1449 1013 egregium
1465 939 1615 1016 foret
1642 979 1657 1011 ,
1695 941 1810 1016 ser-

238 1026 468 1098 viretque
486 1024 554 1079 ad
570 1031 831 1078 texturam
858 1025 1007 1078 nerui
1024 1026 1214 1078 certius
1241 1026 1561 1098 definiendam
1587 1072 1602 1098 ,
1636 1025 1688 1102 st
1696 1029 1812 1102 plu-

230 1128 309 1168 res
342 1110 548 1166 orbiculi
561 1109 672 1183 sese
691 1110 902 1164 inuicem
938 1111 1240 1181 excipientes
1276 1110 1593 1187 micr·oscopio
1621 1117 1812 1170 exami-

227 1208 495 1254 narentur.
582 1195 690 1252 Sed
711 1196 974 1252 intercedit
996 1196 1106 1251 huic
1131 1196 1310 1269 confilio
1326 1197 1593 1269 fibrarum
1617 1203 1805 1256 tenaci-

229 1287 364 1339 citas
388 1328 402 1355 ‚
438 1302 538 1359 qua
544 1286 617 1358 fit
630 1321 646 1352 ,
687 1283 868 1356 vtsine
889 1283 1050 1338 multa
1057 1281 1349 1356 struiturae
1360 1281 1700 1357 fiibtiliffimae
1737 1287 1809 1353 of-

216 1370 362 1445 feifiz
391 1371 532 1425 tales
563 1388 599 1425 a
632 1385 781 1424 neruo
811 1369 1094 1440 cylindrulos
1130 1372 1428 1442 tenuifflinos
1450 1387 1546 1425 non
1566 1369 1727 1443 facile
1745 1373 1808 1427 li-

223 1466 330 1513 ceat
373 1456 675 1529 rescindere.
773 1454 963 1512 Placuit
984 1457 1140 1529 igitur
1160 1499 1174 1526 ‚
1198 1455 1440 1531 fiibtilenz
1477 1477 1508 1514 a
1531 1457 1673 1534 fibra
1689 1470 1807 1534 por-

228 1541 507 1600 tiunculam
524 1542 705 1599 cultelli
718 1545 859 1613 acie,
884 1553 944 1599 vt
950 1546 1076 1619 fieri
1096 1554 1201 1598 tuni
1221 1547 1414 1617 potuit,
1437 1542 1705 1619 separare,
1749 1556 1805 1602 et

230 1631 361 1686 vitro
385 1629 589 1704 affixam
603 1630 696 1704 fiio
706 1630 912 1703 glutine
935 1631 1008 1686 ad
1033 1631 1399 1706 microscopiuni
1437 1642 1629 1707 aptare
1662 1650 1794 1687 conz-

219 1714 431 1792 pofituni.
519 1717 731 1790 Radios·
737 1719 933 1787 solares
957 1734 1185 1773 connexa
1200 1718 1306 1773 lens
1330 1736 1445 1773 exce
1448 1720 1536 1792 pit
1552 1761 1566 1787 ,
1605 1719 1801 1774 iisdem-

226 1823 320 1879 que
353 1803 561 1860 collec'tis
597 1804 833 1862 obiei‘t'am
867 1803 976 1861 Soli
1010 1805 1331 1881 particulam
1363 1840 1380 1874 ,
1442 1806 1642 1880 quoties
1685 1817 1801 1881 opus

204 1889 331 1966 fiiit,
376 1892 708 1965 illustriorem
727 1893 962 1949 reddidit.

153 1993 200 2054 3.
239 1978 342 2034 Hic
373 1994 499 2036 vero
535 1990 802 2036 texturam
835 1991 1077 2055 apparere
1105 1978 1403 2048 mirabilem,
1422 1977 1685 2034 tractibus
1705 1981 1788 2036 ob-

209 2065 553 2143 scuriusculis‚
585 2079 681 2146 per
705 2067 988 2142 ‹vniuersani
1001 2055 1379 2141 portiunculam
1405 2067 1799 2137 excurrentibus,

225 2164 267 2208 et
298 2155 474 2225 mirum
509 2154 556 2211 in
602 2156 795 2211 moduni
815 2155 913 2232 fibi
943 2154 1209 2228 implexis,
1236 2152 1582 2229 formantibus
1615 2154 1797 2225 iryulas

226 2240 524 2297 micantibus
575 2242 780 2313 puni'lis
826 2241 1190 2316 refhrtiffimas.
1289 2240 1571 2312 Negabant
1614 2241 1796 2296 lumini

226 2329 480 2403 tranfituni
505 2328 691 2404 obscuri
708 2328 945 2399 traditis,
1000 2328 1092 2403 nist
1111 2326 1344 2387 directum
1374 2327 1493 2382 illud
1512 2344 1548 2381 a
1570 2325 1672 2401 sole
1696 2345 1786 2382 ve-

224 2404 372 2484 niret,
458 2411 614 2471 Fines
652 2418 933 2474 areolarum
968 2414 1429 2483 translucidarum,
1464 2422 1518 2467 et
1542 2413 1785 2487 obscurio-

225 2516 334 2554 rum
359 2500 614 2559 tractuum
639 2505 868 2561 nitebant
892 2503 1121 2578 conspicui
1145 2502 1299 2559 iridis
1337 2499 1580 2556 coloribus
1605 2521 1621 2570 3
1638 2502 1794 2576 plane

231 2595 288 2637 vt
300 2588 342 2656 fi
347 2591 415 2642 eri
425 2587 694 2660 solet‚cun2
715 2610 796 2648 res
822 2601 1003 2663 opacae
1007 2588 1104 2662 soli
1132 2584 1375 2665 exposttae
1393 2599 1536 2644 trans
1560 2590 1788 2642 vitreum

229 2670 525 2747 triangulare
544 2679 745 2753 prisma
775 2675 1085 2754 spectantur.
1183 2674 1326 2754 Posui
1354 2674 1420 2731 ad
1446 2674 1587 2731 latus
1608 2675 1791 2749 parti-

886 2756 937 2818 C
955 2780 982 2818 c
1001 2780 1029 2816 c
1064 2777 1100 2820 2
1639 2761 1787 2818 culae
