2393 3590
407 116 447 160 2
792 96 909 156 DE
945 89 1673 157 CONSTRVCTIONE

407 253 661 324 mobili53
701 253 1062 311 comest-„ibam
1102 265 1281 307 tamen
1318 267 1531 306 curu-am
1564 266 1634 305 ex
1668 245 1956 321 hypothesi
1982 253 2068 308 ista

405 342 702 397 nascentem
743 341 859 395 fore
899 338 1370 395 transcendentem.
1480 336 1651 392 Dedit
1684 337 1790 391 hoc
1824 340 2059 394 occasio-

405 448 526 484 nem
544 432 694 488 Viris
720 427 1015 485 doehffinis
1037 463 1050 493 ‚
1070 425 1286 482 Nicolao
1310 423 1553 478 Bernoulli
1574 436 1625 477 et
1654 422 1847 479 Comiti
1870 424 2068 479 Κίσσα-

402 525 454 569 to
488 519 702 587 penitius
724 519 771 569 in
791 517 924 571 hanc
947 531 1061 569 rem
1090 513 1389 584 inquirendi
1415 527 1536 564 cum
1563 509 1809 575 succeffu,
1853 527 1974 564 nam
2003 530 2065 566 v-

405 618 591 675 terque
612 620 801 658 eorum
817 602 1013 673 reperit
1037 615 1255 654 curuam
1277 596 1563 670 quaesitam
1602 596 1945 668 algebraicam
1966 596 2068 652 effe

406 692 569 762 poffe.
654 692 780 761 Ego
807 705 1007 760 quoque
1048 687 1219 741 statim
1260 685 1381 755 post
1419 684 1614 737 editam
1655 680 2070 752 Phoronomiam,

412 778 774 849 aequationem
801 774 949 845 supra
985 773 1209 842 positam
1235 767 1298 824 A
1323 767 1732 821 construendam
1755 767 1880 821 mihi
1896 767 2062 836 sumfi¹

409 882 540 936 quae
558 880 770 918 curnam
794 857 1192 914 resistentiarum
1219 851 1477 916 medii‚de
1495 868 1594 921 qua
1619 868 1760 905 nunc
1782 850 1957 906 sermo
1970 855 2068 925 est,

404 964 648 1015 tanquam
677 946 853 1000 casum
889 938 1257 1012 particularem
1285 937 1420 991 intra
1445 936 1703 992 ambitum
1743 936 1887 993 suum
1915 956 2070 996 com-

407 1035 676 1108 piecstitur,
709 1044 763 1084 et
787 1045 909 1083 cum
939 1029 1146 1081 ineunte
1186 1040 1325 1078 anno
1365 1021 1544 1094 1716.
1583 1020 2066 1082 Ill.M0nm0rtimn

405 1123 504 1177 hac
532 1121 594 1174 de
620 1136 677 1173 re
704 1117 990 1173 certiorem
1007 1111 1257 1179 fecissem,
1274 1111 1464 1166 litteris
1488 1110 1572 1165 die
1616 1121 1693 1181 27
1709 1161 1718 1169 .
1745 1110 1851 1166 Ian.
1889 1124 1956 1184 17
1976 1110 2066 1169 16.
2089 1116 2091 1118 ’

407 1211 474 1264 ad
501 1225 590 1265 me
620 1207 779 1274 datis,
831 1202 1089 1276 sequentia
1123 1198 1418 1268 rescripsit:
1455 1194 1507 1251 11
1532 1197 1596 1270 cst
1617 1197 1736 1253 vecti
1776 1194 2065 1273 Monsieur‚

409 1313 507 1369 que
519 1297 575 1368 je
586 1292 698 1368 suis
719 1288 1047 1363 tresficrprz's
1078 1283 1406 1360 d'ctpprendre
1427 1283 1486 1338 de
1507 1299 1632 1338 vous
1657 1325 1671 1352 ‚
1713 1301 1809 1358 que
1828 1294 1960 1341 cette
1982 1284 2058 1340 E.

406 1385 616 1456 quation
648 1377 973 1448 adx--l--bdy
989 1384 1076 1438 -4-
1090 1375 1318 1437 cxdx-4-
1335 1368 2067 1444 eydx÷fxdy÷gydyzQ

408 1470 473 1547 est
493 1467 795 1541 integram,
815 1466 886 1521 les
909 1464 1101 1520 lettres
1130 1479 1179 1529 a,
1212 1461 1263 1528 b,
1293 1476 1340 1528 e,
1366 1468 1464 1514 etc.
1502 1457 1801 1531 exprimant
1827 1455 1910 1511 des
1934 1473 2065 1512 nom-

405 1555 520 1614 bees
543 1556 904 1631 quea-omnen
936 1548 1129 1626 affictes
1155 1545 1383 1620 defignes
1414 1544 1532 1617 auffi
1548 1542 1892 1620 quelconques.

540 1643 690 1700 Cum
727 1659 860 1697 vero
899 1638 1134 1693 edendae
1157 1634 1558 1691 Phoronomiae
1609 1630 1978 1686 incumberem
2019 1642 2073 1688 et

408 1743 611 1785 tantum
656 1746 761 1783 non
790 1726 973 1783 omnia
1008 1743 1106 1796 per
1143 1719 1516 1778 Geometriam
1568 1718 1822 1773 Ruentem
1871 1717 2067 1790 absque

405 1818 605 1872 calculo
631 1818 680 1870 in
707 1834 767 1871 ea
792 1815 993 1869 tradere
1011 1825 1233 1866 conatus
1250 1809 1362 1876 sim,
1379 1806 1690 1862 constructio
1713 1817 1887 1876 autem
1909 1805 2071 1861 lineae

402 1904 804 1958 resistentiarum
834 1902 886 1953 in
907 1901 1035 1955 dieta
1055 1896 1336 1966 hypothesi
1351 1893 1590 1965 perhanc
1605 1892 1749 1946 viam
1775 1908 1905 1963 pure
1930 1905 2063 1960 geo-

408 1990 696 2046 metricam
733 2001 841 2039 non
877 1993 1182 2038 occurreret
1207 2016 1222 2046 ‚
1273 1980 1395 2032 ideo
1429 1992 1557 2031 tunc
1593 1977 1771 2046 scripsi
1795 1995 1905 2031 non
1931 1995 2061 2032 con-

407 2078 539 2131 stare
568 2071 1009 2128 construetionem
1033 2069 1166 2122 illius
1194 2068 1350 2121 lineae
1376 2084 1393 2132 ·,
1415 2063 1768 2135 quaestionem
1798 2065 1941 2119 enim
1964 2082 2065 2140 per

407 2164 666 2217 calculum
686 2201 701 2227 ,
726 2171 851 2212 tunc
875 2174 940 2210 ne
968 2156 1174 2227 quidem
1195 2165 1533 2207 teutaueram.

562 2247 726 2306 Nunc
752 2261 882 2300 vero
906 2232 1177 2312 Analysm
1200 2239 1516 2311 aequationis
1539 2230 1622 2307 A,
1654 2248 1803 2291 tanto
1831 2235 2070 2293 libentius

403 2331 746 2391 Academiae
802 2331 996 2385 iudicio
1051 2329 1266 2383 demum
1329 2340 1550 2396 expono
1603 2365 1619 2393 ,
1682 2336 1878 2395 quanto
1953 2323 2063 2379 fre-

406 2425 650 2497 quentior
697 2421 795 2475 effe
846 2416 1016 2490 potest
1041 2414 1152 2470 usus
1187 2415 1298 2467 eius
1329 2413 1378 2466 in
1413 2409 1735 2465 resolutione
1774 2411 2068 2465 multorum

404 2510 809 2584 problematum
846 2501 1141 2561 Matheseos
1175 2500 1391 2554 mixtae.
1506 2494 1799 2552 Adducam
1830 2496 2067 2567 primum

406 2617 524 2653 eam
562 2593 790 2665 analyfin
820 2593 871 2646 in
906 2608 1064 2661 quam
1109 2589 1241 2642 olim
1271 2584 1453 2654 incidi,
1472 2600 1591 2639 cum
1615 2585 1856 2657 primum
1880 2600 2069 2656 aequass

402 2686 608 2742 tionem
626 2683 763 2738 illam
791 2675 1200 2735 construendam
1222 2674 1347 2732 mihi
1370 2670 1645 2748 proposui.

1904 2753 2064 2812 Mon-
