2393 3590
142 1119 162 1140 ³
240 1118 309 1166 M.
334 1117 461 1163 Now.

1132 135 1238 222 “2ss
1269 137 1441 219 (208)
1480 137 1586 224 25⁴³<-

956 297 1156 379 Dan.
1187 281 1567 399 Bernouili
1592 298 1645 377 Ι.
1677 299 1759 377 F.

541 426 694 503 DE
740 428 1173 508 MVTVA
1229 425 1881 506 RELATIONE
1936 425 2195 508 CEN-

588 551 727 609 TRI
770 553 1066 612 VIRIVM
1098 592 1112 622 ‚
1159 553 1460 612 CENTRI
1501 546 2128 614 OSCILLATIONIS

904 640 1012 698 ET
1036 639 1338 698 CENTRI
1372 633 1886 695 GRAVITATIS

735 727 1387 829 Demonsttmtiones
1489 722 2006 808 Geometricae.

1349 854 1394 910 Ι.

551 977 933 1280 CVm
958 975 1293 1049 perlegerem
1332 972 1659 1030 theoremata
1692 970 1917 1031 Paterna
1954 993 2022 1032 ex
2055 976 2206 1050 prin?-

855 1066 998 1139 cipio
1042 1058 1455 1116 conseruationis
1499 1063 1699 1117 virium
1758 1063 2000 1118 viuarum
2033 1064 2194 1119 dedu-

863 1155 971 1220 cta,
1001 1148 1140 1203 haud
1169 1146 1450 1201 difficulter
1472 1148 1577 1202 vidi
1605 1185 1620 1215 ,
1667 1150 1849 1202 omnia
1888 1150 1974 1204 illa
2011 1185 2027 1217 ‚
2078 1166 2209 1222 quae

868 1239 1010 1292 circa
1058 1246 1274 1288 motum
1310 1248 1612 1302 corporum
1649 1236 1949 1290 rotantium
1996 1236 2206 1291 versan-

547 1342 629 1385 tur
648 1372 660 1396 ‚
693 1326 931 1399 pendere
956 1340 984 1376 a
1005 1319 1177 1373 debita
1203 1318 1372 1371 centri
1392 1317 1587 1372 virium
1613 1318 2072 1380 determinatione.
2117 1322 2204 1377 In-

545 1415 730 1483 telligo
768 1425 939 1466 autem
977 1423 1073 1478 per
1097 1416 1343 1459 centrum
1367 1404 1556 1460 virium
1586 1407 1832 1476 punctum
1856 1406 1987 1473 tale,
2020 1407 2071 1461 in
2095 1425 2202 1480 quo

545 1503 584 1557 fi
608 1513 723 1555 tota
751 1496 910 1551 massa
946 1491 1282 1564 concipiatur
1317 1491 1458 1544 vnita
1488 1532 1501 1558 ,
1544 1492 1726 1545 eadem
1763 1507 1830 1544 ex
1864 1504 2015 1545 motu
2047 1493 2205 1563 ipsius

545 1587 746 1642 oriatur
775 1582 971 1639 virium
1001 1579 1252 1635 viuarum
1290 1578 1540 1649 quantitas
1576 1619 1590 1647 ‚
1633 1594 1764 1650 quae
1792 1579 2011 1648 corpori
2040 1590 2200 1630 moto

542 1672 694 1734 inest,

685 1758 756 1815 II.
846 1753 1140 1814 Theorema
1152 1751 1406 1828 generale.
1494 1747 1767 1806 Distantia
1802 1750 1970 1805 centri
2001 1751 2203 1806 virium

547 1864 576 1902 a
602 1847 798 1919 puncto
834 1846 935 1900 siue
971 1860 1068 1898 axe
1104 1839 1449 1916 suspenfionis
1483 1839 1702 1910 aequalis
1737 1837 1813 1892 est
1845 1828 2051 1892 mediae
2075 1853 2204 1910 pro-

549 1932 834 2006 portionali
852 1934 986 1986 inter
1011 1930 1279 1984 distantias
1304 1925 1470 1980 centri
1496 1925 1765 1994 grauitatis
1793 1938 1847 1980 et
1871 1924 2043 1978 centri
2068 1923 2212 1978 oscil-

551 2019 754 2073 lationis
781 2018 844 2071 ab
874 2019 1065 2072 eodem
1093 2016 1284 2087 puncto
1310 2012 1394 2067 seu
1419 2029 1528 2066 axe.

684 2101 1087 2177 DemotfiratiO.
1182 2098 1300 2154 Sint
1323 2098 1426 2150 duo
1453 2112 1694 2167 corpora
1717 2096 1779 2150 M
1804 2107 1854 2147 et
1874 2089 1938 2146 N
1961 2090 2106 2167 (Fig.
2124 2092 2208 2169 8.)

552 2209 784 2267 quorum
826 2201 1063 2242 centrum
1096 2183 1361 2253 grauitatis
1401 2180 1460 2234 fit
1493 2180 1543 2233 in
1577 2184 1622 2239 B
1651 2198 1662 2232 :
1687 2179 1949 2235 Rotentur
1975 2197 2204 2252 corpora
2272 2253 2275 2255 η
2364 2200 2370 2206 ·

557 2283 699 2334 circa
724 2278 971 2350 punctum
998 2273 1165 2326 fixum
1191 2266 1253 2323 A
1275 2290 1289 2341 3
1312 2269 1507 2321 dicatur
1543 2265 1701 2320 maffa
1728 2268 1974 2336 corporis
2001 2267 2202 2324 Mzm

553 2364 714 2421 massa
751 2364 952 2417 aiterius
985 2359 1233 2427 corporis
1256 2352 1388 2411 :N
1418 2389 1432 2419 ‚
1472 2352 1710 2406 distantia
1736 2355 1929 2425 prioris
1956 2369 1984 2407 a
2010 2354 2206 2426 punc'to

555 2449 725 2504 Αἶα
749 2490 762 2515 ‚
797 2447 1025 2501 distantia
1053 2442 1259 2497 alterius
1279 2440 1523 2509 corporis
1546 2438 1610 2492 ab
1641 2438 1839 2495 eodem
1861 2441 2053 2510 punrsto
2076 2439 2202 2512 :b3

556 2531 789 2589 AB:C
841 2546 893 2586 et
927 2531 1025 2585 erit
1056 2526 1175 2584 AD
1216 2528 1298 2580 seu
1329 2524 1565 2579 distantia
1598 2528 1767 2579 centri
1797 2523 2141 2579 oscillationis
2176 2542 2205 2579 a

554 2622 748 2695 puncto
769 2618 1111 2694 suspensionis
1130 2595 1458 2701 ῑξζῑΜέξέεὲ.
1531 2608 1607 2666 Sit
1629 2613 1736 2666 iam
1749 2623 1992 2665 centrum
2014 2610 2208 2667 virium

2151 2712 2207 2767 in
