2393 3590
536 191 668 258 294
963 169 1082 231 DE
1167 167 1668 232 CLANDVLIS

542 332 715 384 uicem
739 328 1069 384 succedentia
1093 328 1160 383 fic
1189 329 1447 385 distributi
1478 328 1585 381 sunt
1611 366 1625 393 ‚
1669 338 1727 379 vt
1750 323 1837 379 sub
1862 341 1964 380 vna
1993 323 2227 402 loculo.-

546 435 668 471 rum
708 414 856 481 serie,
899 433 1034 470 mox
1074 417 1236 470 altera
1264 459 1277 484 ,
1321 413 1578 487 posthanc
1614 411 1766 463 tertia
1791 413 1843 464 in
1868 411 2200 483 conspestum

546 503 737 569 veniat,
755 502 965 574 fereque
1005 504 1155 555 tertia
1194 501 1431 555 crassitiei
1464 497 1644 550 cordis
1673 512 1797 564 pars
1835 495 2021 552 huicce
2045 517 2191 555 mea-

549 601 696 641 tuum
725 587 1044 660 dispositioni
1073 587 1318 641 inseruiat
1343 628 1356 652 ,
1399 584 1541 638 vnde
1578 581 1862 637 admodum
1894 581 2108 650 fungosa
2138 601 2202 641 ae

549 672 825 744 spongiosa
861 675 1036 728 euadit
1077 691 1088 725 :
1125 672 1280 728 Nam
1316 671 1372 724 id
1408 687 1437 723 a
1477 668 1723 741 singulari
1759 668 2096 741 dispositione
2140 687 2202 726 ae

548 761 815 814 tendentia
851 759 1041 813 horum
1077 771 1344 812 meatuum
1385 754 1711 827 potissimum
1741 755 1990 826 prouenit
2015 790 2032 823 ,
2071 773 2204 828 quae

547 845 661 900 talis
720 846 794 898 est
829 888 843 913 ‚
885 858 945 898 vt
969 860 1158 897 eorum
1198 844 1459 897 terminus
1503 858 1667 914 aeque
1705 857 1766 895 ac
1806 842 2011 895 initium
2056 841 2207 897 simul

542 930 828 1002 respiciant
914 947 1100 985 cavum
1156 929 1578 984 ventriculorum
1651 963 1665 995 ‚
1741 944 1977 999 vnusque
2032 928 2088 982 in
2144 945 2199 984 a-

540 1016 670 1070 lium
705 1052 719 1083 ‚
751 1016 816 1071 ab
840 1019 956 1072 imo
978 1033 1137 1086 Vsque
1166 1016 1229 1069 ad
1258 1012 1515 1069 summum
1553 1051 1567 1082 ‚
1596 1028 1808 1085 Vtraque
1836 1012 1915 1069 sua
1954 1015 2207 1070 extremi-

543 1112 660 1170 tate,
688 1121 783 1174 per
811 1104 1162 1156 continuatam
1196 1101 1631 1156 inosculationem
1650 1100 1748 1154 sese
1780 1099 2024 1169 insinuet,
2067 1101 2207 1156 vnde

543 1187 854 1258 prodigiosa
884 1185 1177 1242 foffularum
1203 1186 1499 1252 multitudO,
1530 1203 1597 1240 ex
1636 1203 1802 1256 eaque
1832 1204 1949 1243 rara
1989 1204 2050 1242 ac
2084 1189 2207 1243 laxa

547 1273 826 1329 substantia
869 1275 1109 1345 emergit.
1214 1271 1462 1335 VltimO,
1489 1274 1835 1324 annotatione
1860 1273 2080 1345 dignum
2109 1275 2208 1341 est,

543 1360 688 1431 quod
716 1362 766 1415 in
792 1374 940 1414 tanto
977 1372 1200 1412 nume-ro
1235 1368 1504 1410 meatuum
1526 1400 1540 1426 ,
1584 1373 1777 1411 omnes
1799 1374 1962 1412 vnam
1989 1359 2213 1413 tenden-

546 1448 676 1501 tiam
712 1446 986 1501 obseruent
1021 1480 1036 1510 ‚
1095 1456 1343 1513 quantum
1365 1442 1577 1514 quidem
1599 1446 1656 1498 in
1686 1446 1843 1497 variis
1860 1445 2213 1500 animantibus

545 1533 833 1587 obseruare
871 1532 1023 1601 potui
1061 1547 1073 1582 :
1114 1526 1313 1586 Nullos
1342 1548 1369 1583 a
1407 1530 1628 1583 cauitate
1654 1530 1718 1583 ad
1742 1527 1984 1584 medium
2010 1528 2097 1582 vel
2124 1546 2216 1584 ex-

550 1623 740 1674 timam
763 1618 1096 1688 superficiem
1124 1629 1455 1687 penetrantes
1478 1657 1492 1682 ,
1521 1614 1709 1670 verum
1735 1615 1807 1668 fic
1844 1614 2116 1685 dispositos
2141 1616 2219 1671 vi-

547 1707 636 1773 di,
669 1716 728 1759 vt
750 1707 806 1759 in
829 1704 1049 1774 longum
1084 1704 1348 1775 latumque
1376 1702 1608 1775 protenfi
1635 1738 1649 1771 ‚
1688 1701 1752 1756 ad
1777 1700 2106 1774 fiiperficiem
2138 1702 2216 1757 in-

544 1804 758 1846 ternam
785 1791 1018 1863 paralleli
1045 1790 1218 1845 essent.

245 1853 326 1968 24²²
347 1872 489 1949 mm‘„
701 1877 861 1935 Hisce
885 1876 1187 1951 praemifli3‚
1211 1876 1276 1932 ad
1306 1874 1430 1930 alias
1464 1875 1825 1948 proprietates
1853 1873 1906 1928 in
1943 1872 2212 1929 membra-

247 1938 518 2036 ‘iffi-5552}
552 1982 617 2019 na
656 1966 835 2019 cordis
885 1965 1127 2019 interiore
1182 1963 1618 2035 contemplandas
1664 1961 2030 2034 progredior,
2084 1962 2219 2015 inter

248 2058 395 2126 peruia
419 2054 519 2107 sit?
554 2069 680 2124 quas
728 2049 1051 2106 summorum
1076 2049 1346 2106 Virorum
1374 2050 1647 2102 autoritate
1671 2048 1801 2100 haec
1825 2046 2094 2098 collocata
2119 2046 2214 2113 est,

248 2123 489 2181 inquiritur.
549 2138 692 2210 quod
710 2155 806 2208 per
832 2155 952 2192 eam
978 2133 1130 2189 veluti
1155 2150 1247 2204 per
1277 2133 1509 2185 cribrum
1536 2132 1841 2185 naturaliter
1856 2128 2116 2200 sanguinis
2134 2130 2224 2186 de.

549 2227 781 2297 pluuium
805 2226 853 2279 in
883 2222 1133 2276 cauitates
1159 2220 1335 2273 cordis
1361 2218 1454 2272 fiat
1489 2258 1503 2284 ,
1548 2216 1806 2272 hiantibus
1830 2233 1953 2270 eum
1978 2218 2028 2270 in
2051 2216 2217 2273 finem

548 2312 882 2365 vasculorum
915 2306 1357 2371 extremitatibus,
1383 2320 1506 2375 quas
1537 2315 1711 2357 tamen
1742 2303 1907 2357 oculis
1933 2303 2217 2375 percipere

551 2409 712 2465 graue
737 2397 829 2453 est.
869 2397 975 2449 vid.
1006 2392 1283 2447 Nou-velles
1303 2390 1618 2445 decouvertes
1638 2388 1742 2462 sur
1760 2389 1807 2444 le
1844 2405 2002 2446 coeur.
2032 2386 2224 2446 Traite'

552 2496 781 2534 nouveau
807 2479 869 2533 de
892 2479 940 2534 la
952 2476 1207 2550 strfflure
1222 2487 1269 2531 et
1289 2476 1375 2530 des
1398 2471 1570 2546 causes
1601 2474 1661 2529 du
1683 2485 1986 2530 mouvement
2008 2474 2222 2531 παταγεῖ

549 2563 615 2620 du
649 2581 798 2620 coeur
813 2575 918 2636 par
956 2559 1084 2618 Mr.
1114 2560 1378 2628 Raymcmd
1403 2558 1679 2631 Viezgffens.
1711 2563 1762 2613 in
1789 2577 1894 2632 quo
1931 2573 2075 2615 certe
2102 2574 2209 2617 tra-

551 2652 692 2706 c‘tatu
712 2651 818 2709 Vir
842 2649 1075 2704 summus
1101 2650 1170 2701 ita
1198 2648 1244 2702 se
1267 2646 1442 2718 geffit,
1480 2661 1538 2701 vt
1569 2663 1728 2701 nemo
1757 2665 1864 2701 non
1906 2648 2210 2706 admiretur:
2250 2672 2256 2679 ³

553 2735 711 2815 Quae
733 2737 876 2792 enim
902 2735 1150 2792 decordis
1161 2736 1496 2810 partiumque
1510 2734 1625 2789 eius
1653 2735 2066 2791 constituentium
2091 2748 2212 2790 tex-

2100 2834 2221 2904 ‘tura
