2393 3590
513 155 630 241 348
798 146 1293 214 TENTAMEN
1327 119 2017 206 EXPLJCATJONIS'

511 311 768 389 gnoscere
789 305 1112 383 impossibile
1145 306 1218 360 est
1243 348 1256 373 ‚
1303 302 1522 360 deriuari
1548 302 1777 372 possent,
1821 301 2035 358 dubium
2060 315 2172 356 non

512 403 603 469 est,
648 400 774 473 quin
797 415 859 452 ea
886 412 1007 451 vera
1032 394 1111 460 fit,
1147 405 1199 444 et
1221 409 1281 445 re
1303 389 1407 461 ipsa
1424 387 1630 444 existat,

670 487 738 542 Π.
827 480 996 538 Aeris
1020 494 1178 551 quam
1202 476 1434 547 plurima
1483 483 1610 526 nota
1648 469 1760 525 sunt
1780 471 2172 544 phaenomena,

514 590 678 645 eaque
709 587 903 642 parum
938 585 966 620 a
1006 565 1056 619 se
1081 564 1300 617 inuicem
1339 557 1726 631 dependentia;
1765 572 1828 612 vt
1856 558 1901 613 is
1924 563 2172 630 profesto

514 659 734 716 multum
771 651 1065 728 praestitisse
1101 648 1383 703 censendus
1422 646 1522 716 fit·‚
1553 645 1634 716 qui
1670 644 1854 700 eadem
1881 643 2083 707 theoria
2103 663 2167 702 o-

513 747 722 803 mnibus
750 740 1044 796 satisfacere
1083 733 1270 808 poffet.
1390 729 1496 788 Sed
1534 730 1800 787 theoriam
1830 733 1903 786 ita
1940 733 2207 793 maxime,

515 833 790 888 conficere
828 823 1079 881 conuenit
1118 863 1132 890 ,
1188 834 1249 876 vt
1285 821 1524 895 primum
1563 820 1898 889 excogitetur
1947 821 2180 890 partium

517 919 763 974 strud'tura
801 957 814 983 ‚
849 930 919 968 ex
946 928 1046 983 qua
1067 926 1168 963 vna
1190 919 1396 964 tantum
1421 906 1723 980 proprietas
1750 905 1872 960 fluat
1898 925 1912 978 3
1949 906 2002 961 id
2033 907 2180 979 quod

516 1004 833 1078 plerumque
860 997 1093 1072 pluribus
1127 994 1304 1048 modis
1336 994 1451 1047 fieri
1491 992 1663 1065 potest
1692 1009 1703 1045 :
1747 1005 1801 1045 et
1829 993 2075 1065 deinceps
2105 993 2181 1047 in-

515 1086 751 1163 quira'tur
779 1131 794 1157 ‚
846 1103 969 1141 num
1000 1101 1056 1137 ea
1087 1082 1308 1134 caeteris
1343 1095 1548 1151 quoque
1569 1079 1979 1151 proprietatibus
2006 1080 2172 1151 expli-

521 1177 703 1233 candis
728 1164 986 1229 sufficiat?
1022 1181 1075 1223 et
1110 1209 1124 1236 ‚
1158 1166 1194 1221 fi
1228 1166 1398 1237 plures
1428 1166 1665 1233 primum
1697 1164 1932 1220 theoriae
1977 1182 2175 1221 conce-

521 1279 645 1339 ptae
674 1261 786 1316 sunt
803 1295 817 1325 ,
855 1271 966 1312 tum
994 1265 1306 1327 quaeratur,
1337 1264 1467 1319 quae
1486 1249 1758 1302 maximae
1779 1253 1922 1322 parti
1945 1254 2030 1307 vel
2051 1268 2182 1327 quae

521 1348 772 1405 omnibus
797 1342 1080 1401 satisfaciat.

680 1434 775 1490 ΠΙ,
861 1427 1008 1482 Inter
1034 1425 1158 1479 alias
1181 1422 1340 1491 aeris,
1364 1441 1487 1496 quas
1511 1423 1912 1496 cognoscimu5‚
1940 1430 2186 1497 proprie·

525 1536 656 1579 tates,
682 1537 738 1572 ea
765 1513 999 1589 inprimis
1029 1511 1220 1566 idonea
1249 1510 1352 1564 visa
1387 1511 1460 1565 est
1482 1552 1496 1579 ‚
1541 1510 1824 1567 secundum
1854 1528 2010 1583 quam
2047 1511 2177 1564 stru-

521 1614 655 1667 &ura
676 1605 810 1659 :ieris
838 1600 1129 1656 adornetur
1154 1642 1167 1666 ,
1228 1615 1332 1669 qua·
1360 1615 1443 1652 aer
1473 1595 1570 1650 sese
1612 1599 1858 1651 continuo
1885 1595 2185 1666 expandere

524 1706 772 1759 conatur,
808 1702 860 1742 et
884 1688 1053 1759 reipsa
1082 1686 1130 1739 se
1155 1684 1433 1754 expandit,
1467 1684 1501 1737 fi
1528 1701 1655 1754 quae
1675 1681 2067 1752 impedimento
2081 1679 2191 1734 fue-

520 1793 666 1844 rant,
711 1789 1103 1833 remouezmtur.
1194 1767 1349 1825 Haec
1398 1770 1539 1823 enim
1574 1772 1704 1824 aeris
1748 1769 2025 1823 elasticitas
2063 1783 2192 1832 prae

523 1866 738 1922 caeteris
776 1860 1193 1934 proprietatibus
1221 1858 1452 1912 maxime
1490 1857 1754 1929 expiicatu
1793 1854 2018 1912 difficilis
2044 1854 2192 1910 vide·

525 1967 611 2010 tur
627 1989 643 2021 ,
666 1962 725 2005 vt
754 1951 856 2004 eius
876 1950 1076 2002 ratione
1102 1946 1313 2019 cognita
1337 1945 1529 2015 reliqua
1543 1945 1690 2000 facile
1717 1944 1879 1998 fluere
1900 1942 2192 1997 videantur.

681 2036 786 2093 IV.
874 2031 999 2090 Nifi
1019 2032 1237 2086 velimus
1264 2029 1370 2082 hoc
1407 2030 1539 2082 aeris
1571 2029 1984 2097 phaenomenon
2008 2025 2195 2080 occul-

530 2140 615 2182 tae
644 2122 853 2179 cuidam
879 2117 1255 2190 particularum
1287 2113 1609 2185 proprietati
1643 2126 1697 2166 et
1719 2115 1773 2166 vi
1798 2112 1975 2167 infitae
1999 2112 2191 2168 adscri-

531 2215 665 2269 bere
692 2246 707 2278 ,
747 2207 847 2264 alia
887 2206 970 2260 via
996 2220 1104 2258 non
1130 2200 1357 2273 superest
1385 2240 1398 2266 ‚
1435 2197 1529 2250 nifi
1550 2210 1610 2251 vt
1638 2210 1854 2252 conatus
1871 2198 1960 2252 iste
1985 2214 2012 2251 a
2037 2210 2196 2254 motu

532 2299 785 2354 materiae
834 2292 1100 2347 cuiusdam
1145 2285 1340 2344 subtilis
1382 2283 1651 2338 detinetur.
1760 2283 1998 2340 Conatus
2022 2299 2192 2341 autem

535 2384 617 2438 seu
641 2385 723 2436 vis
742 2392 948 2435 mortua
977 2415 989 2443 ‚
1028 2377 1097 2430 vti
1122 2396 1147 2430 a
1167 2371 1434 2429 Leibnitio
1453 2384 1706 2437 vocatur,
1738 2388 1766 2425 a
1792 2371 2015 2426 materia
2040 2383 2197 2426 mota

539 2483 716 2523 ortum
737 2465 937 2518 trahere
962 2464 1162 2533 potest,
1202 2460 1239 2513 fi
1265 2476 1325 2511 ea
1364 2457 1416 2509 in
1437 2472 1628 2525 gyrum
1660 2470 1934 2512 moueatur
1957 2477 1975 2525 3
2006 2475 2111 2529 quo
2137 2457 2202 2511 fit

539 2570 595 2610 vt
619 2553 833 2625 quaeuis
862 2547 1107 2618 particula
1132 2565 1159 2600 a
1180 2557 1368 2598 centro
1401 2542 1643 2610 aufugere
1671 2558 1918 2609 conetur,
1950 2557 2105 2615 atque
2128 2543 2200 2597 ita

542 2637 842 2695 huiusmodi
870 2647 1071 2687 vortex
1106 2634 1216 2685 vim
1252 2628 1355 2682 sese
1375 2627 1703 2700 expandendi
1739 2629 1976 2699 acquirat.
2071 2627 2203 2685 Hoc

542 2726 655 2784 Vsus
676 2722 944 2798 principio
973 2712 1097 2779 Cel.
1120 2717 1229 2774 101³.
1256 2714 1526 2772 Bernoulli
1551 2731 1771 2770 omnem
1791 2717 1897 2769 vim
1937 2715 2199 2770 elasticam

2108 2817 2201 2856 ex-
