2393 3590
568 73 692 158 458
786 69 1034 133 NVMI
1075 65 1579 133 ERYTHRAEI
1606 67 2160 139 ILLVSTRATI.

567 230 781 287 duinum
813 231 916 285 ΑΥ
928 231 991 283 Τ.
1010 229 1381 285 ΝΕΡΟΥΑΝ.
1402 230 1811 282 ΤΡΑΙΑΝΟΝ.
1842 231 1987 286 Em.
2007 225 2231 292 CTPA.

563 317 909 373 HPElMOY
943 316 994 369 in
1029 315 1296 383 Elagabali
1341 330 1501 367 numo
1543 313 1660 365 ΕΠ.
1686 310 1850 374 CTP‚
1890 318 2055 384 AJP.
2097 318 2226 372 NEI

569 401 869 459 KQNOC.
909 403 952 453 B
980 398 1077 470 fill}
1107 400 1304 454 Nicone
1323 400 1507 452 iterum
1529 406 1774 470 praetore
1801 441 1813 460 ,
1843 401 1892 452 in
1925 402 2234 458 Alexandri

567 486 755 545 Seueri
777 506 844 541 nu
857 502 949 538 mo
977 487 1078 539 ΕΠ
1126 483 1230 540 CT
1274 487 1347 540 Π.
1385 486 1479 538 AI.
1509 484 1901 538 ATTAAOT.
1926 488 2048 539 TO.
2073 492 2140 549 Β,

747 572 981 640 Volupe
1030 570 1153 626 effet
1186 611 1201 640 ‚
1246 572 1344 626 hos
1391 571 1578 624 decem
1612 581 1884 643 praetores
1943 569 2039 624 suis
2088 576 2232 630 annis

567 657 812 728 affiguare
840 696 854 723 ‚
892 672 952 711 vt
988 676 1049 712 ea
1085 675 1142 712 re
1179 659 1498 729 aliquantum
1533 656 1694 711 iuuari
1731 654 1888 726 poffit
1931 656 2229 715 Ionicarum

564 749 839 799 ciu.tatum
887 744 1132 802 historia.
1234 743 1421 811 Nunc,
1449 745 1697 815 quoniam
1742 745 1843 797 eius
1876 747 2037 816 copia
2073 746 2230 800 nobis

562 848 674 886 non
697 831 788 898 fit,
819 831 872 885 id
900 847 1146 902 agemus,
1176 844 1236 886 vt
1263 831 1451 885 {altem
1478 830 1701 901 aliquam
1717 830 1765 881 in
1791 845 2020 885 aetatem
2040 849 2231 889 numos

562 915 874 973 inseramus.
931 914 1122 990 Atque
1147 934 1271 989 cum
1295 914 1547 972 Hercuhs
1572 918 1742 972 vuitus
1764 920 1944 972 omnia
1972 916 2225 973 Alexan-

564 1005 667 1058 dro
681 1003 862 1059 fimilia
879 1003 1036 1058 habet
1075 1006 1126 1058 in
1167 1003 1243 1058 his
1279 1006 1462 1072 numiS‚
1488 1003 1706 1074 sequitur
1729 1020 1798 1057 ex
1826 1022 1940 1059 mea
1965 1008 2230 1078 opinione,

561 1088 655 1144 sub
690 1105 990 1146 extremam
1023 1092 1167 1146 huius
1201 1092 1379 1144 herois
1408 1103 1630 1145 aetatem
1659 1101 1711 1142 et
1736 1089 1911 1162 paulio
1932 1093 2052 1162 post
2079 1093 2227 1147 cusos
2272 1087 2277 1089 ’

563 1176 675 1231 effe.
771 1177 923 1232 Idem
951 1178 1169 1248 postulat
1191 1178 1451 1242 elegantia
1476 1191 1781 1232 numorum,
1874 1173 2031 1231 Nam
2058 1174 2228 1234 Grae·

563 1263 646 1316 cia
669 1261 751 1317 his
776 1262 977 1318 artibus
1002 1278 1163 1332 Vsque
1190 1261 1256 1313 ad
1272 1261 1423 1314 ciuile
1441 1259 1632 1312 bellum
1652 1255 2086 1337 popubffRomani
2115 1265 2224 1318 eni-

561 1351 698 1418 tuit,
754 1350 824 1402 ita
859 1364 994 1402 vero
1028 1359 1081 1399 vt
1118 1342 1422 1401 Alexandri
1449 1344 1780 1416 temporibus
1803 1345 2069 1405 summum
2090 1350 2228 1406 fasti-

563 1436 708 1506 gium
740 1435 1031 1498 consecuta,
1054 1432 1158 1486 labi
1197 1433 1463 1503 paullatim
1489 1445 1543 1486 et
1581 1431 1808 1488 deficere
1839 1435 1896 1487 fit
1927 1435 2047 1491 visa.
2132 1435 2237 1491 Ad

558 1522 891 1592 postremum
929 1536 1061 1589 quae
1082 1518 1382 1575 Harduinus
1416 1521 1480 1574 de
1519 1517 1772 1588 Erythris
1792 1522 2065 1578 Boeoticis
2088 1536 2140 1577 et
2163 1523 2231 1577 de

560 1620 781 1659 moneta
810 1624 834 1658 a
870 1604 1080 1661 Thebis
1105 1622 1226 1659 eam
1256 1606 1308 1658 in
1336 1605 1525 1659 vrbem
1554 1604 1803 1658 translata
1827 1610 2097 1675 praedicat
2121 1650 2135 1674 ‚
2171 1626 2232 1665 ea

560 1706 726 1760 vern,
766 1704 826 1749 vt
856 1692 1034 1747 dicam
1053 1693 1162 1766 fine
1187 1692 1479 1761 iracundia,
1513 1692 1566 1743 in
1593 1690 1806 1746 officina
1827 1687 2233 1748 ArchontiiSe-

558 1779 699 1844 ueri,
737 1778 905 1849 lepidi
932 1780 1098 1850 seni5‚
1147 1778 1265 1834 cusa
1297 1778 1516 1852 fie'taque
1537 1775 1667 1833 sunt.
1758 1777 1869 1834 Illis
1894 1779 2233 1851 temporibus

565 1879 693 1917 cum
716 1863 942 1920 Thebae
965 1866 1174 1923 euersae
1201 1909 1217 1936 ‚
1251 1878 1303 1927 et
1329 1867 1452 1938 post
1490 1864 1665 1936 paullo
1703 1881 1821 1918 cum
1858 1864 1912 1918 hi
1943 1867 2087 1921 numi
2126 1868 2233 1924 cufi

561 1949 671 2004 sunt
706 1990 718 2018 ,
744 1952 1006 2023 Erythrae
1029 1956 1081 2009 in
1105 1953 1363 2025 Boeotia,
1397 1966 1458 2010 vt
1478 1951 1844 2010 Tertullianeo
1866 1951 2035 2009 verbo
2057 1952 2155 2010 alia
2181 1955 2241 2010 in

557 2054 618 2093 πε
632 2051 752 2092 vtar
764 2073 781 2108 ‚
824 2039 965 2097 fuere
990 2041 1177 2098 nullae.

1938 2682 2232 2749 NVMVS
