2393 3590
442 150 726 220 mcor.
770 116 1260 212 BERNOVLLI
1306 146 1532 209 νιΤΑ.
1697 142 1827 233 483

175 328 507 394 proauosque
526 328 553 365 a
574 308 754 365 multis
781 306 987 363 saeculis
1006 308 1112 362 wel
1139 307 1274 361 inter
1304 305 1564 378 praesides
1588 306 1672 360 vel
1689 320 1833 360 certe

177 410 311 462 inter
340 399 657 472 praecipuos
695 395 780 467 qui
819 397 1054 456 eiusdem
1085 393 1435 465 Respublicae
1474 391 1830 466 gubernacula

167 483 721 548 tenuerunt‚numerari
747 483 952 536 constat
969 518 985 549 ,
1034 483 1103 537 ita
1125 494 1185 534 vt
1210 481 1438 536 dubitari
1464 479 1637 550 poffit,
1656 492 1833 532 vtrum

166 575 430 630 maiorem
452 571 584 625 haec
614 566 814 622 familia
842 567 1132 623 claritatem
1159 585 1226 622 ex
1252 566 1579 640 amplissimis
1606 563 1837 621 muneri-

171 659 288 728 bus,
319 660 503 730 quibus
537 654 686 710 domi
726 652 989 724 praefecta
1021 654 1128 724 fuit,
1142 656 1410 726 acceperit
1426 692 1440 721 ,
1480 671 1544 708 an
1570 666 1837 707 maiorem

170 746 285 800 suae
301 746 523 799 familiae
546 739 747 795 famam
777 753 933 812 atque
959 742 1322 796 celebritatem
1343 740 1568 795 Iacobus
1592 735 1835 794 Bernoztl-

177 832 274 887 Iius
300 844 352 885 et
391 827 645 885 Iohannes
693 825 848 882 frater
879 867 891 896 ‚
931 830 1181 901 huiusque
1206 830 1297 883 filii
1324 843 1375 882 et
1402 826 1568 883 fratris
1594 825 1729 880 filius
1758 827 1835 879 in-

172 918 414 974 credibili
438 931 610 971 terum
638 916 843 986 penitus
869 916 1166 969 abditarum
1194 916 1404 970 scientia
1427 914 1668 969 intulerit.
1732 911 1827 966 Io-

171 1004 382 1060 hannem
409 1015 576 1058 autem
602 998 945 1054 Bernoullium
975 999 1198 1056 Nicolai
1222 1004 1379 1057 nostri
1410 1013 1617 1075 patrem
1646 999 1748 1055 sine
1784 1018 1836 1054 e-

173 1092 324 1163 logio
343 1090 612 1144 nominare
642 1086 868 1157 praestat
891 1127 906 1152 ,
940 1102 1096 1155 quam
1127 1091 1468 1142 committere
1493 1100 1553 1141 vt
1590 1088 1717 1140 tanti
1742 1087 1837 1142 viri

175 1178 356 1233 merita
380 1188 489 1230 tam
516 1175 687 1246 longo
711 1185 961 1242 tempore
989 1170 1054 1226 ab
1096 1173 1398 1227 acutissimis
1443 1173 1704 1228 iudicibus
1734 1193 1828 1246 pu-

176 1265 316 1320 blice
341 1262 550 1331 cognita
576 1272 627 1315 et
650 1259 1024 1314 commendata
1040 1258 1312 1316 mediocri
1334 1259 1487 1312 laude
1514 1261 1835 1322 minuantur,

331 1343 508 1402 Natus
558 1347 631 1399 est
671 1345 933 1402 Nicolaus
979 1344 1086 1402 VI.
1126 1343 1347 1399 Calend.
1394 1342 1560 1403 Febr.
1574 1346 1637 1421 st
1673 1363 1724 1400 v.
1754 1345 1839 1401 A.

174 1435 621 1492 clnloczxxxxv.
648 1431 907 1500 Bafileae‚
931 1430 1019 1486 sed
1043 1431 1207 1485 infans
1232 1434 1320 1487 vix
1341 1432 1683 1488 ostomestris
1713 1449 1838 1488 cum

178 1519 475 1598 parentibus
499 1517 592 1572 suis
616 1511 948 1588 Groningam
971 1520 1251 1589 migrauit,
1285 1521 1372 1591 qui
1391 1520 1514 1591 post
1540 1519 1728 1576 decem
1754 1537 1839 1576 an-

178 1626 278 1664 nos
299 1604 496 1676 elapsos
521 1601 688 1657 tribus
712 1606 843 1659 aucti
867 1604 1049 1659 liberis
1077 1603 1342 1662 Bafileam
1364 1619 1713 1662 reuerterunt.
1769 1606 1842 1662 E-

177 1711 256 1753 rat
279 1695 332 1749 in
355 1692 534 1745 nostro
556 1707 584 1744 a
617 1691 790 1761 prima
812 1694 1036 1763 pueritia
1054 1692 1325 1760 ingenium
1352 1693 1538 1748 ductile
1552 1705 1604 1745 et
1630 1692 1838 1765 sequax,

179 1796 232 1837 et
257 1779 497 1853 quaedem
527 1776 773 1833 alacritas
810 1779 945 1850 quasi
979 1792 1209 1833 connata
1237 1822 1250 1848 ,
1284 1797 1443 1852 quam
1476 1779 1550 1838 ob
1577 1796 1693 1833 rem
1714 1779 1839 1835 nihil

178 1864 454 1924 omiserunt
478 1877 724 1936 parentes
749 1903 763 1933 ‚
813 1867 963 1937 quod
1002 1867 1064 1920 ad
1094 1868 1323 1936 primam
1350 1867 1443 1921 filii
1468 1867 1841 1923 educationem

176 1951 304 2029 (erat
332 1953 468 2006 enim
496 1964 623 2006 natu
661 1950 950 2027 maximus)
984 1954 1287 2023 pertineret.
1388 1949 1542 2009 Octo
1579 1960 1838 2008 annorum

177 2057 304 2112 puer
333 2037 624 2112 germanice
648 2075 662 2105 ‚
702 2040 896 2112 gallice
923 2076 938 2106 ‚
995 2038 1200 2111 belgice
1242 2053 1295 2094 et
1321 2040 1482 2095 latine
1502 2039 1833 2112 loquebatur.

177 2126 421 2198 Visusque
445 2123 550 2194 fuit,
567 2126 687 2180 dum
716 2129 766 2180 in
785 2126 1098 2183 Heluetiam
1123 2144 1191 2181 ex
1210 2125 1403 2200 Belgio
1424 2127 1725 2197 redirent,s1
1743 2145 1843 2199 qua

182 2213 236 2267 in
268 2213 394 2269 vrbe
428 2212 653 2286 paullum
687 2226 998 2270 moraretur
1027 2228 1078 2268 et
1108 2217 1342 2287 linguam
1377 2226 1432 2268 et
1458 2231 1642 2269 mores
1667 2216 1842 2270 homi-

178 2315 306 2354 num
334 2301 522 2355 imitari
547 2317 613 2354 ex
637 2314 909 2373 tempore.
962 2299 1172 2356 Patriae
1206 2302 1454 2368 redditus·‚
1480 2302 1666 2356 litteris
1691 2301 1841 2358 sedu-

178 2387 258 2440 lus
287 2386 524 2445 incubuit.
559 2384 647 2448 A,
677 2390 961 2444 clalaccv1
987 2403 1008 2441 1
1040 2404 1076 2441 1.
1118 2390 1308 2443 ciuium
1348 2385 1844 2460 Academicorum,

176 2469 261 2531 A.
296 2474 592 2530 clolaccxt.
624 2474 933 2534 Doctorum
967 2470 1336 2547 Philosophiae
1375 2492 1602 2530 numero
1633 2514 1649 2545 ,
1691 2490 1844 2548 patre

175 2552 413 2629 Decem,
454 2562 731 2635 adscriptus
753 2606 768 2631 ,
825 2583 932 2638 quo
961 2575 1207 2636 tempore
1251 2579 1373 2619 cum
1401 2562 1601 2619 sextum
1628 2579 1678 2619 et
1705 2565 1845 2620 deci-

178 2660 322 2700 mum
351 2666 538 2703 annum
566 2649 791 2723 egressus
819 2650 1037 2719 effet‚ac
1068 2651 1132 2703 de
1170 2652 1324 2719 vitae,
1350 2652 1492 2722 quod
1515 2653 1847 2723 eligeret,ge·

174 2749 298 2787 nere
326 2735 660 2810 deliberaret,
700 2739 900 2797 etiamsi
930 2736 1146 2794 amabat
1175 2738 1474 2796 litterarum
1500 2740 1657 2797 studia
1682 2781 1696 2810 ‚
1755 2752 1836 2794 ta-

1021 2820 1064 2879 P
1079 2839 1114 2898 p
1130 2842 1168 2900 p
1205 2839 1244 2883 2
1717 2842 1844 2882 men
