2393 3590
261 638 286 686 I
291 641 380 696 {fust
386 649 507 684 ratur

263 708 445 764 exemplo
459 722 527 750 05-

262 771 381 820 sium.

252 1771 514 1822 Exterioris

238 1842 316 1896 seu
339 1841 521 1884 cortica-

253 1907 306 1949 lis
332 1908 519 1962 substan-

254 1970 341 2014 tiae
385 1974 524 2016 cordis

249 2037 287 2091 fi
294 2051 336 2078 ru
343 2036 398 2081 ἶὴ(
405 2053 451 2081 ra
459 2069 470 2083 ³

564 140 693 200 262
1070 138 1186 198 DE
1276 139 1773 203 GLANDVLIS

561 307 612 352 te
636 296 946 370 opinionem
970 297 1194 368 tribuat,
1245 316 1355 354 non
1382 299 1523 354 aliter
1569 299 1837 354 cuiuslibet
1863 299 2043 356 cordis
2067 300 2222 360 status

560 383 645 437 seu
679 381 917 453 fabrica,
966 387 1167 457 quoties
1204 385 1316 440 satis
1352 385 1659 456 diligentiae
1699 384 1967 442 adhibetur
2002 430 2016 455 ‚
2061 406 2215 461 quam

560 471 817 541 praedista
837 470 1010 526 forma
1031 473 1193 525 oculis
1237 472 1537 542 apparitura
1558 468 1660 535 est,
1694 469 1855 522 mixta
1887 474 2124 527 nimirum
2149 493 2217 535 ex

560 555 758 625 duplici
787 573 1011 627 orgum,
1049 560 1101 611 in
1129 559 1270 627 quod
1299 557 1480 627 sponte
1503 552 1583 606 sua
1613 551 1792 608 resolui
1821 553 1866 607 se
1896 557 2104 626 patitur.
2149 562 2217 616 Et

559 641 664 695 hoc
688 644 1047 713 quidem,cum
1074 659 1141 696 ex
1165 642 1389 714 simplici
1409 641 1588 695 intuitu
1626 642 1899 695 exterioris
1924 643 2211 700 interioris-

556 745 656 799 que
688 729 946 783 strudturae
969 729 1148 781 cordis
1181 728 1293 782 satis
1331 728 1468 782 clare
1500 726 1831 799 intelligitur,
1865 740 1977 782 tum
2003 745 2070 782 ex
2094 746 2218 787 con-

559 815 911 886 templatione
959 812 1142 868 offium
1180 814 1487 882 illustratur,
1517 812 1767 884 siquidem
1805 830 1908 868 vna
1951 831 2019 869 ex
2051 829 2218 888 parte,

555 917 687 971 quae
711 899 981 953 corticalis
1009 900 1103 967 est,
1129 898 1381 972 simulque
1408 898 1692 965 durissima,
1728 914 1905 955 motus
1929 913 1981 954 et
2001 901 2218 958 firmita-

558 986 628 1039 tis
653 987 993 1041 instrumenta
1018 986 1162 1041 sunt:
1197 983 1395 1040 Altera
1431 999 1624 1052 autem,
1646 986 1913 1041 medullae
1946 988 2217 1044 laborato-

556 1072 631 1126 ria
657 1089 854 1145 magno
876 1072 1108 1126 artificio
1126 1071 1438 1140 construet-a,
1470 1073 1796 1143 iucundaque
1815 1072 1939 1128 visui
1964 1075 2216 1130 existunt.

556 1155 670 1214 Cur
695 1175 840 1230 rogo
875 1159 928 1212 in
948 1157 1059 1212 osse
1082 1155 1438 1226 solummodo,
1470 1175 1580 1211 non
1608 1176 1768 1228 aeque
1790 1162 1841 1213 in
1863 1160 2045 1228 corde,
2071 1162 2217 1216 idem

560 1242 841 1299 discrimen
868 1262 895 1298 a
923 1257 1107 1299 natura
1136 1243 1499 1308 constitutum,
1531 1244 1777 1312 quodque
1810 1261 1920 1296 non
1946 1249 2122 1303 minus
2161 1248 2217 1301 in

557 1344 626 1382 eo
658 1329 927 1403 palpabile
959 1346 1018 1383 ac
1057 1327 1389 1399 perspicuum
1426 1327 1497 1383 est
1521 1324 1895 1400 agnoscimus?
1940 1327 2060 1384 Aut
2084 1333 2122 1386 fi
2156 1349 2220 1386 a·

558 1416 883 1483 gnoscimUS‚
916 1431 1006 1469 cur
1027 1430 1138 1467 non
1160 1414 1487 1469 inculcamus
1514 1410 1682 1468 serio?
1713 1414 1909 1467 etiamsi
1937 1415 2050 1469 vsus
2077 1416 2218 1472 forte

561 1501 727 1556 adhuc
749 1498 902 1554 fuerit
923 1500 1156 1555 occultus
1184 1519 1197 1553 :
1240 1497 1447 1554 Sufficit
1458 1501 1629 1568 enim,
1650 1499 1690 1553 fi
1710 1498 2050 1554 solummodo
2063 1519 2218 1573 prae·

561 1586 695 1642 dic‘ta
724 1586 1250 1642 fabricaedifferentia
1268 1603 1399 1641 vera
1422 1588 1482 1643 sit
1499 1601 1552 1640 et
1576 1585 1686 1640 satis
1708 1583 2006 1655 conspicua.
2059 1585 2216 1642 Hanc

555 1674 628 1726 ‘vti
652 1674 845 1729 dietum
875 1674 974 1741 est,
1021 1675 1195 1746 primo
1226 1674 1413 1729 intuitu
1440 1674 1723 1727 obseruare
1757 1688 1818 1727 ac
1847 1671 2021 1745 digito
2047 1688 2208 1727 mon-

559 1759 719 1814 strare
743 1760 817 1815 ias
852 1761 924 1815 est
955 1778 967 1814 ε
1018 1759 1167 1819 Nam
1194 1760 1633 1832 quemadmodum
1656 1777 1758 1830 pro
1788 1757 1991 1813 fibroso
2015 1774 2219 1831 corpo-

553 1863 613 1901 re
639 1846 719 1902 seu
747 1847 1069 1902 lacertorum
1108 1846 1356 1901 fasciculo
1392 1862 1635 1902 connexa
1654 1844 1737 1899 seu
1762 1845 2002 1900 exterior
2031 1847 2220 1902 cordis

551 1932 826 1989 substantia
850 1935 1063 2005 optimo
1091 1935 1197 1989 iure
1221 1933 1455 2003 habetur,
1482 1935 1666 2004 iusque
1700 1932 1823 1988 illud
1860 1946 2089 2001 eousque
2115 1949 2206 1986 ex.-

553 2020 725 2088 tendi,
761 2037 1029 2091 quousque
1058 2020 1269 2076 direc'tio
1300 2016 1567 2090 faciesque
1597 2021 1918 2074 lacertorum
1945 2018 2215 2071 continua-

554 2119 606 2163 ta
634 2106 830 2162 ostendi
867 2107 1039 2177 potest
1090 2118 1143 2159 et
1167 2104 1453 2171 viceuersa‚
1504 2103 1574 2157 fic
1609 2102 2016 2156 architecturam
2056 2103 2210 2158 istam

552 2192 766 2261 ·vltra‚in
797 2210 925 2247 caua
952 2191 1127 2246 cordis
1145 2207 1303 2262 vsque
1331 2188 1646 2260 protendere
1668 2187 1892 2243 nimium
1916 2187 1990 2242 est
2030 2207 2041 2241 :
2071 2183 2216 2244 Non

553 2280 768 2350 quidem
792 2296 852 2333 ac
868 2279 983 2334 fiad
1008 2292 1214 2333 motum
1238 2276 1431 2343 cordi5‚
1462 2273 1706 2345 chylique
1739 2290 1799 2328 ac
1829 2273 2088 2343 sanguinis
2111 2277 2210 2330 cir-

561 2365 773 2431 cuitum,
799 2366 1028 2432 parietes
1048 2365 1292 2434 vtrinque
1328 2360 1607 2431 constipati
1639 2379 1699 2415 ac
1731 2359 1884 2415 solidi
1910 2362 2084 2416 minus
2105 2362 2214 2434 apti

561 2461 614 2504 et
637 2450 1003 2506 conuenientes
1021 2447 1197 2502 forent
1220 2467 1231 2501 :
1263 2446 1610 2503 Contrarium
1633 2448 1771 2501 enim
1795 2444 2209 2517 perspicue,.cum

564 2551 634 2590 ex
657 2530 1467 2609 contemplationerrtae‚tum
1489 2549 1696 2603 quoque
1720 2532 1977 2602 exemplis
2001 2533 2212 2587 mecha-

560 2623 689 2675 nicis
713 2633 859 2691 patet
887 2657 902 2688 ‚
970 2619 1222 2692 siquidem
1255 2617 1320 2673 ad
1356 2615 1637 2672 fortiorem
1659 2618 2025 2685 are‘tationem²
2051 2618 2209 2675 latera

560 2725 667 2782 quo
697 2708 954 2764 stridtiora
974 2720 1026 2763 et
1067 2705 1440 2781 compastiora
1463 2702 1600 2776 sunt,
1625 2720 1694 2760 eo
1727 2705 1940 2779 aptiora
1967 2703 2068 2762 effe
2094 2722 2207 2761 cre-

2071 2793 2199 2850 dun-
