2393 3590
417 36 1228 153 PHAENOMENORVM
1270 84 1537 147 AERIS.
1695 95 1812 169 367

149 268 254 329 quo
273 245 573 315 intelligitur
600 252 713 297 tute
733 239 932 313 semper
953 237 1211 294 ascensum
1241 242 1326 296 vel
1355 240 1658 299 descensum
1677 262 1816 303 mer„

153 340 279 397 curii
313 335 597 392 diminutae
630 328 731 395 vell
751 328 922 383 auitae
951 343 1219 402 vaporum
1262 330 1315 382 in
1353 346 1474 384 aere
1499 330 1811 389 versantium

148 423 416 500 quantitati
455 413 678 472 attribui
714 409 890 484 posse,
940 430 1236 487 quanquam
1279 417 1465 489 negari
1502 434 1612 473 non
1653 421 1813 490 poffit

150 527 204 569 et
227 512 419 566 fastum
444 503 492 558 ik
507 499 912 574 quodammodo
932 499 1180 558 effeetum
1202 500 1528 560 humiditatis
1547 517 1598 560 et
1618 523 1810 580 augere

150 613 206 655 et
243 593 527 649 diminuere
548 582 718 655 poffe.

310 670 643 735 XXXVIII.
730 668 933 747 Neque
957 691 1089 731 vero
1115 675 1241 732 hinc
1267 677 1462 734 inferre
1482 677 1626 748 licet,
1652 680 1809 736 baro-

158 781 383 824 metrum
406 760 544 815 idem
565 774 627 813 ac
648 758 1063 833 hygrometrum
1088 766 1351 835 praestare
1375 779 1656 840 oportere3
1679 785 1806 824 cum

160 869 213 910 et
237 855 333 909 hoc
355 845 705 906 humiditatem
730 849 866 902 aeris
895 851 1169 904 monstret.
1261 848 1363 907 Sed
1384 854 1433 907 id
1475 853 1806 910 consideran-

159 942 279 996 dum
303 937 395 1002 est,
433 931 732 987 barometri
763 932 978 987 effeetus
999 952 1026 987 a
1050 948 1161 990 tota
1186 939 1317 993 aeris
1342 933 1506 993 massa
1531 939 1616 993 seu
1643 943 1801 997 totius

157 1019 533 1093 atmosphaerae
570 1017 704 1074 statu
740 1018 979 1091 pendere
1014 1038 1031 1085 ·‚
1073 1020 1411 1093 hygrometri
1434 1038 1608 1082 autem
1633 1047 1660 1083 a
1687 1029 1802 1084 solo

154 1126 265 1171 aere
285 1106 337 1162 id
365 1106 644 1161 ambiente.
785 1099 1158 1177 Quamobrem
1202 1106 1422 1162 altitudo
1460 1116 1714 1169 mercurii
1747 1116 1804 1170 in

149 1197 454 1252 barometro
496 1195 822 1249 incrementa
857 1191 1059 1263 accipit
1093 1228 1108 1260 ,
1153 1191 1190 1247 fi
1214 1192 1478 1248 Vniuersus
1509 1214 1595 1250 aer
1636 1217 1664 1253 a
1700 1219 1793 1255 va-

140 1280 355 1358 poribus
378 1279 635 1336 liberatur
665 1315 681 1346 ,
718 1280 1061 1333 decrementa
1099 1295 1232 1333 vero
1259 1279 1297 1334 fi
1322 1280 1362 1334 is
1387 1282 1672 1352 vaporibus
1692 1286 1794 1338 im..

142 1381 469 1442 praegnatur.
498 1367 662 1424 Vnde
676 1362 951 1437 colligitur
970 1365 1384 1437 hygrometrum
1409 1364 1517 1422 fere
1543 1368 1802 1428 summam

145 1453 416 1512 siceitatem
443 1450 721 1505 ostendere
743 1451 889 1524 posse
906 1493 920 1519 ‚
962 1466 1090 1506 cum
1124 1452 1345 1509 altitudo
1365 1458 1615 1511 mercurii
1640 1460 1800 1514 mini-

148 1557 229 1596 ma
250 1539 308 1595 fit
338 1557 354 1606 3
387 1549 438 1592 et
462 1538 691 1593 similiter
732 1538 1150 1610 hygrometrum
1199 1540 1565 1597 humiditatem
1604 1545 1800 1601 indica-

150 1644 208 1681 re
228 1624 385 1698 posse,
429 1641 553 1680 cum
577 1626 859 1681 mercuriis
898 1625 1154 1682 summam
1183 1627 1512 1684 altitudinem
1541 1634 1796 1705 attigerit.

151 1711 264 1769 Plus
293 1714 419 1768 enim
453 1712 708 1768 immensa
736 1714 867 1768 aeris
894 1713 1119 1768 altitudo
1160 1712 1211 1767 in
1238 1714 1600 1771 barometrum
1629 1720 1791 1788 valet,

151 1816 285 1872 quam
311 1798 486 1853 infima
510 1797 644 1854 haec
669 1799 848 1869 regi0‚
864 1818 1000 1872 quae
1024 1799 1130 1855 sola
1154 1800 1204 1855 in
1233 1801 1648 1873 hygrometrum
1666 1807 1794 1874 agit.

267 1884 551 1946 XXXIX.
613 1883 703 1959 ‚Si
729 1886 1004 1943 humiditas
1027 1888 1165 1966 aleris
1183 1887 1462 1944 euanescat
1489 1931 1504 1957 ,
1565 1891 1793 1948 habetur

147 1971 277 2027 iuxta
300 1966 347 2038 ᾗ,
383 1986 474 2045 33.
499 1973 627 2030 haec
649 1976 895 2047 aequatio
900 1959 1090 2065 f:}}
1118 2010 1132 2041 ‚
1185 1993 1391 2049 quamn
1419 1993 1527 2031 non
1556 1978 1782 2052 ingredi-

150 2071 282 2130 ditur.
363 2073 449 2129 Ex
476 2091 537 2129 ea
552 2074 703 2149 igitur
730 2091 851 2130 cum
878 2077 1253 2147 experimentis
1273 2077 1410 2131 ratio
1433 2093 1484 2131 r:
1508 2077 1539 2144 i,
1558 2092 1615 2133 vt
1642 2094 1693 2134 et
1723 2081 1795 2136 nl·-

148 2157 301 2211 titudo
308 2156 357 2231 f
363 2162 584 2232 constet,
604 2164 772 2218 inueni
794 2163 965 2234 potest
989 2163 1211 2218 altitudo
1235 2164 1281 2231 k,
1311 2181 1380 2218 ex
1396 2181 1492 2234 qua
1521 2182 1680 2236 graue
1707 2185 1790 2223 ca-

147 2244 302 2300 dendo
319 2247 652 2305 velocitatem
677 2250 900 2323 acquirit
925 2250 1101 2322 ei‚qua
1122 2253 1341 2305 materia
1370 2250 1564 2307 subtilis
1588 2254 1643 2307 in
1667 2253 1780 2309 bul-

147 2328 249 2389 lulis
270 2336 399 2390 aeris
425 2350 673 2408 gyratur,
702 2338 975 2405 aequalem
1003 2358 1020 2408 ·,
1050 2338 1139 2393 Est
1161 2340 1300 2394 enim
1328 2323 1541 2418 Ιεῑῑὲξξῖ.
1627 2338 1789 2398 Circa

146 2418 289 2493 quarn
317 2430 697 2499 expreffionem
733 2432 967 2489 obseruo
1007 2450 1124 2489 eum
1176 2447 1410 2505 excepto
1446 2435 1786 2495 coefficiente

145 2524 354 2569 numero
378 2512 418 2591 ᾖ
443 2517 668 2576 eandem
689 2520 788 2575 effe
815 2536 936 2575 cum
964 2520 1230 2576 altitudine
1270 2537 1549 2594 generante
1586 2526 1786 2580 veloci-

150 2603 333 2668 tatem,
371 2619 466 2673 qua
493 2603 642 2662 sonus
672 2624 767 2679 per
792 2625 969 2661 aerem
996 2622 1347 2678 promouetur
1392 2651 1405 2677 ,
1453 2624 1506 2663 vt
1531 2626 1662 2679 ergo
1693 2631 1782 2667 ve-

148 2675 320 2736 locitas
341 2691 577 2747 materiae
596 2692 801 2749 subtilis
836 2693 1162 2750 constantem
1201 2694 1391 2750 habeat
1416 2700 1681 2752 rationem
1714 2701 1778 2754 ad

1633 2788 1780 2841 velo-
