2393 3590
646 88 1266 158 CAPILLARIBVS.
1639 113 1715 176 27
1735 116 1757 157 1

90 270 171 310 tm·
200 269 327 324 aqua
355 286 367 316 ,
405 262 497 302 cur
531 240 755 302 exa-aeia
791 263 853 300 ex
889 261 1033 321 aqua
1066 247 1237 304 tabule
1270 249 1438 306 eadem
1465 267 1561 307 non
1582 251 1765 329 effluit,

88 340 171 394 sed
206 334 518 410 suspenditur
551 335 603 387 in
641 331 809 388 fistula
849 328 870 386 ζ
898 336 1149 406 quoniam
1176 338 1455 410 paruulum
1480 340 1591 395 eius
1622 359 1762 412 pon-

89 427 183 480 dus
218 442 326 478 non
364 421 541 476 fiifficit
580 419 645 473 ad
681 416 1020 488 superandam
1060 423 1432 494 resistentiam,
1480 443 1639 499 quam
1669 445 1761 485 aer

86 511 366 567 diuulssoni
399 506 507 561 suae
547 506 812 576 opponit,
851 520 939 562 aut
980 509 1331 582 pressionem,
1375 529 1477 585 qua
1511 531 1758 588 corpora

86 597 135 654 se
168 600 370 653 leuiora
394 590 579 647 sursum
608 591 778 661 pellit,
869 590 985 648 Car
1005 596 1058 651 in
1081 597 1213 653 tubis
1240 598 1543 673 aequalibus
1568 620 1758 674 aequa„

87 689 210 742 liter
246 695 329 739 aut
360 678 692 749 inaequaliter
729 680 993 736 inclinatis
1034 701 1175 759 aqua
1188 683 1392 759 fhmper
1433 686 1651 760 ascendit
1692 689 1763 745 ad

88 770 293 828 eandem
326 763 635 824 altitudinem
669 768 1126 840 perpendicularem
1164 766 1187 824 ζ
1221 770 1372 848 Quia
1417 789 1755 832 momentum

90 876 250 931 aquae
275 872 375 911 non
400 868 470 906 ex
494 851 737 923 pondere
761 855 865 908 eius
891 855 1130 912 absoluto
1156 858 1511 931 mensuratur,
1543 861 1628 917 sed
1655 881 1755 932 per

94 945 401 1000 altitudinem
428 938 759 1007 vernonem,
785 941 862 993 vti
892 943 1094 997 constat
1120 960 1189 998 ex
1216 944 1609 1016 hydrostaticis.
1638 948 1755 1005 De-

99 1033 244 1100 nique

317 1126 418 1192 40.
449 1108 499 1168 Si
530 1110 753 1167 in'tubo
787 1111 931 1166 sicco
974 1112 1219 1169 ascendat
1246 1131 1375 1190 aqua
1413 1136 1574 1193 vsque
1596 1123 1644 1177 in
1670 1120 1742 1194 C,

88 1202 268 1260 eadem
291 1202 343 1256 in
368 1199 670 1256 madefacto
695 1196 939 1255 ascendet
955 1201 1192 1271 altiiis,v.
1223 1219 1269 1274 g.
1296 1206 1345 1258 in
1373 1204 1443 1259 D.
1536 1208 1747 1263 Simer-

84 1307 165 1365 gas
189 1287 380 1344 tubum
410 1323 425 1356 ,
494 1300 552 1341 vt
590 1303 719 1359 aqua
758 1289 986 1360 amplius
1014 1288 1292 1359 ascendat,
1325 1303 1376 1345 et
1398 1292 1574 1347 denuo
1602 1294 1744 1348 illum

78 1375 316 1431 extrahas
353 1410 369 1439 ‚
432 1373 713 1427 descendet
752 1391 880 1445 aqua
913 1388 965 1429 et
1000 1375 1262 1431 formabit
1297 1379 1583 1452 pendulam
1612 1382 1666 1435 in
1697 1380 1866 1459 BFig.
1900 1401 1998 1457 XI?

76 1476 270 1536 guttam
297 1480 313 1528 ·‚
351 1457 458 1528 ipsa
485 1471 665 1512 tamen
695 1457 937 1515 haerebit
958 1462 1093 1518 vltra
1131 1461 1186 1517 D
1220 1481 1264 1517 v.
1302 1483 1349 1537 g.
1375 1465 1426 1519 in
1447 1467 1508 1524 Ε,
1609 1465 1665 1523 Si
1684 1485 1736 1522 a-

71 1565 226 1622 quam
252 1549 425 1602 denuo
446 1546 668 1619 attingat
704 1560 847 1619 gutta
872 1547 935 1618 B,
966 1549 1247 1606 descendet
1269 1570 1398 1625 aqua
1422 1570 1492 1608 ex
1519 1555 1567 1610 E
1592 1553 1743 1626 inD3

70 1648 121 1691 et
145 1653 211 1690 ex
238 1632 471 1701 aduers0‚
505 1632 543 1687 fi
569 1635 620 1687 in
643 1633 832 1689 tubulo
856 1640 1089 1693 extrasto
1112 1637 1334 1695 haeserit
1354 1639 1420 1694 ad
1443 1638 1493 1698 C
1521 1684 1535 1711 ‚
1570 1640 1740 1698 ascen-

72 1724 161 1779 det
178 1721 257 1778 illa
280 1737 440 1793 vsque
465 1721 516 1774 in
543 1718 620 1790 D,
645 1737 768 1776 cum
799 1740 983 1794 aquam
1013 1725 1252 1796 attigerit.

209 1807 360 1886 Quae
389 1807 528 1862 istius
546 1809 622 1862 rei
647 1810 788 1864 ratio
816 1810 889 1864 est
916 1805 937 1862 ἓ
980 1809 1261 1867 Nimirum
1301 1810 1585 1884 sequuntur
1607 1815 1740 1872 haec

17 1932 20 1934 —
63 1913 133 1953 ex
153 1910 422 1970 perpetuo
448 1911 622 1950 rerum
648 1897 714 1950 ad
750 1897 1117 1968 aequilibrium
1147 1899 1253 1951 nisu
1282 1933 1297 1964 ,
1324 1916 1427 1970 quo
1457 1900 1549 1968 fit,
1576 1915 1635 1956 vt
1672 1920 1727 1957 a·

60 2003 155 2057 qua
191 1985 411 2038 nimium
450 1982 557 2037 alte
585 1981 779 2037 sublata
807 1985 860 2037 in
884 1984 929 2038 E
947 2001 1110 2055 vsque
1138 1983 1433 2055 descendat,
1460 2004 1581 2042 cum
1609 2003 1733 2059 pot..

61 2073 134 2127 est
161 2092 174 2143 3
212 2083 263 2125 et
294 2071 462 2123 minus
502 2068 602 2122 alta
639 2087 708 2124 ex
734 2067 782 2127 C
808 2070 860 2124 in
882 2070 938 2125 D
975 2070 1232 2129 ascendat.
1325 2071 1476 2130 Haec
1503 2076 1577 2131 est
1602 2075 1729 2135 Viri

56 2156 468 2215 Praestantiffimi
497 2151 722 2213 Theoria
745 2200 760 2227 ,
797 2158 854 2212 in
879 2160 1264 2230 compendium
1293 2161 1521 2218 redacta:
1552 2164 1724 2234 appli-

58 2248 312 2300 cationem
351 2245 465 2298 eius
505 2243 570 2296 ad
605 2242 898 2301 secretionis
935 2247 1178 2302 animalis
1211 2247 1491 2315 negotium
1518 2265 1630 2305 non
1656 2250 1730 2307 est

55 2332 198 2387 huius
223 2332 332 2386 loci
359 2332 635 2400 attingere.

206 2417 522 2478 XXXVII.
609 2419 872 2491 Equidem
893 2417 1027 2474 haec
1051 2419 1120 2475 ita
1160 2422 1345 2475 animo
1372 2420 1726 2492 blandiuntur,

56 2515 112 2556 vt
146 2507 415 2561 neminem
456 2505 547 2560 nifi
587 2506 805 2563 inuitum
843 2508 961 2563 huic
1001 2508 1323 2580 expositioni
1350 2510 1726 2567 contradicere

56 2588 202 2659 poss‘e
237 2593 455 2648 arbitrer
481 2613 498 2662 ·,
523 2592 658 2648 adeo
683 2607 738 2648 vt
763 2597 954 2651 mirum
991 2613 1102 2650 non
1123 2595 1211 2665 fit,
1242 2608 1295 2650 et
1315 2596 1477 2670 ipsum
1510 2595 1723 2652 Aucto-

55 2691 172 2730 rem
196 2718 211 2744 ,
273 2692 320 2735 et
349 2697 417 2738 ex
438 2697 505 2736 eo
531 2692 784 2752 tempore
808 2683 986 2755 plures
1025 2683 1156 2738 alios
1177 2684 1348 2738 eidem
1377 2684 1713 2756 acquieuifl‘e.

1590 2765 1721 2829 Sunt

1776 1140 2043 1225 Phae72.40
