2393 3590
738 172 1282 242 ILLVSTRATI.
1719 197 1849 271 447

206 345 304 400 fius
351 359 379 396 e
405 330 666 396 Parinenfi
694 348 822 406 gaza
848 334 1110 404 produxit
1156 345 1372 406 corytus
1398 351 1523 391 cum
1553 355 1671 396 arcu
1708 382 1722 409 ,
1774 356 1845 399 at-
1883 364 1996 413 Tah.
2020 367 2095 414 28,

201 448 299 503 que
322 428 558 501 pharetra
584 438 704 476 cum
729 420 923 491 sagittis
945 422 1219 478 coniunsta
1236 419 1343 477 sunt
1367 424 1420 479 in
1445 441 1555 481 vno
1577 427 1848 498 quasicor-
1884 431 1986 491 Fig.
2011 434 2063 477 X
2067 434 2135 482 IV
2137 472 2149 487 0

196 531 333 588 pore
353 555 367 581 ‚
410 527 514 582 quo
544 506 869 564 commodius
896 506 1172 578 gestentur.
1272 504 1614 584 Posteaquam
1644 514 1850 573 breuio-

195 601 334 656 ribus
371 596 589 652 arcubus
624 593 695 648 vti
734 607 1031 664 coeperunt
1063 591 1210 668 (nam
1245 610 1450 654 veteres
1469 598 1663 656 heroes
1686 621 1838 675 gran·

198 684 432 741 dioribus
459 696 508 737 et
528 678 867 749 rigidioribus
893 679 1133 734 delectati
1157 680 1285 751 sunt)
1323 702 1508 740 arcum
1529 688 1664 743 inter
1689 689 1841 759 sagit-

200 786 276 826 tas
300 769 513 844 posuere
537 803 552 834 ‚
580 767 648 819 ita
671 778 728 818 vt
755 764 1000 835 pharetra
1024 770 1181 823 etiam
1209 775 1376 843 coryti
1399 790 1594 829 munus
1619 793 1846 830 nomen-

198 877 296 930 que
323 855 515 909 subiret.
597 849 660 904 Id
697 853 919 923 adparet
955 870 1023 907 ex
1058 871 1223 912 numo
1243 856 1470 929 serram,
1506 862 1663 933 quiin
1690 879 1852 936 gazo-

197 941 444 1017 phylacio
468 938 820 1008 Imperatorio
858 938 1170 1009 adstruatur,
1190 960 1216 996 a
1246 944 1305 1000 L.
1335 945 1546 1017 Begero
1581 951 1793 1021 quidem
1817 966 1846 1003 e
1941 966 1944 968 ·

199 1027 409 1083 cimeliis
439 1024 599 1096 Regis
622 1022 845 1078 Pruffiae
873 1023 979 1075 iam
1004 1038 1155 1081 antea
1181 1030 1374 1099 editus,
1403 1032 1581 1107 (6)sed
1606 1036 1678 1090 ob
1695 1055 1847 1108 quan-
1878 1022 1992 1111 Τῖῑῖἶ·
2019 1021 2100 1092 28·

196 1117 318 1169 dam
344 1111 684 1165 diuersitatem
713 1126 740 1163 a
760 1107 911 1163 nobis
935 1124 1139 1178 quoque
1162 1114 1548 1179 producendus,
1640 1121 1701 1179 C.
1729 1122 1846 1178 Po-
1879 1090 1980 1148 Fzg.
1998 1090 2120 1138 XII,

194 1195 432 1274 bliciusQ
473 1193 522 1254 F
559 1195 850 1277 Herculem
875 1193 1103 1263 exhibet,
1120 1197 1201 1265 qui
1241 1199 1293 1251 in
1318 1217 1437 1255 eum
1466 1203 1575 1258 fere
1600 1212 1844 1279 modum,

194 1299 248 1339 vt
294 1283 615 1339 Theocritus
662 1279 847 1335 cecinit
886 1317 900 1348 ‚
970 1280 1181 1336 leonem
1231 1278 1547 1343 Nemaeum
1596 1295 1841 1353 conficit.

194 1372 278 1425 Est
314 1371 455 1422 enim
483 1382 697 1438 corytus
727 1384 842 1422 cum
871 1384 994 1421 arcu
1021 1381 1073 1421 et
1100 1362 1298 1426 duabus
1319 1371 1508 1445 sagittis
1533 1411 1548 1443 ‚
1587 1381 1840 1448 quoniam

193 1455 440 1512 Hercules
462 1454 720 1523 principio
742 1454 925 1523 sagittis
946 1455 1099 1523 petiit
1122 1453 1339 1513 leonem
1375 1478 1387 1514 :
1421 1461 1496 1514 est
1521 1462 1668 1519 claua
1695 1508 1710 1535 ,
1744 1483 1845 1538 qua

193 1542 465 1595 irruentem
499 1537 711 1589 bestiam
754 1536 885 1590 feriit
912 1558 924 1594 :
978 1539 1079 1594 iam
1107 1539 1428 1602 seminecem
1460 1546 1690 1604 belluam
1715 1570 1841 1608 con-

190 1625 376 1697 stringit
399 1634 449 1675 et
472 1619 723 1689 suffocat,
771 1639 924 1679 more
946 1637 1124 1680 tamen
1143 1628 1274 1700 alio,
1321 1651 1480 1704 quam
1508 1635 1842 1695 Theocritus

189 1707 520 1782 praescripsit.
609 1707 672 1762 In
709 1707 971 1783 plerisque
1006 1715 1176 1766 numis
1205 1758 1219 1782 ‚
1252 1735 1319 1771 ne
1343 1720 1469 1791 quid
1496 1722 1836 1793 diffimulem‚

192 1813 335 1852 arcus
356 1797 457 1850 fine
479 1796 679 1866 corytis
704 1798 999 1864 cernimus,
1037 1799 1139 1853 fiue
1163 1801 1212 1854 in
1238 1821 1396 1860 manu
1422 1848 1436 1874 ‚
1468 1806 1572 1861 flue
1597 1808 1833 1866 humeris

185 1880 441 1956 suspensos
465 1881 602 1936 iuxta
625 1881 914 1953 pharetras.
1002 1883 1315 1945 Praesertim
1332 1892 1384 1945 in
1423 1889 1639 1950 Dianae
1665 1897 1839 1965 figniS,

186 1985 312 2039 quae
333 1969 382 2022 in
412 1965 802 2023 Postumiorum
826 2011 842 2037 ‚
884 1968 975 2024 Ti.
994 1962 1202 2027 Claudii
1229 1974 1625 2047 Ahenobarbi,
1658 1982 1836 2038 Maffi-

184 2054 346 2109 lienfis
373 2053 511 2109 vrbis
531 2055 744 2128 aliisque
770 2056 938 2111 numis
965 2055 1279 2129 specstantur.
1374 2061 1476 2118 Ad
1499 2068 1830 2136 postremum

185 2157 288 2193 non
324 2158 505 2196 omnes
531 2144 700 2214 coryti
739 2155 792 2197 et
821 2141 1098 2215 pharetrae
1127 2145 1299 2203 forma
1326 2149 1829 2214 differebantNam

184 2227 351 2297 quales
370 2227 452 2282 hie
479 2230 528 2282 in
550 2229 740 2284 nostris
766 2232 936 2284 numis
963 2235 1140 2305 coryti
1165 2234 1311 2303 sunt,
1343 2238 1463 2293 talis
1484 2240 1556 2293 est
1584 2241 1833 2312 pharetra*

183 2312 237 2364 in
271 2329 426 2367 numo
462 2310 720 2370 Antonini
772 2313 1073 2373 Commodi
1116 2321 1372 2393 inscripto
1403 2343 1414 2376 ε
1462 2324 1822 2385 HERCVLI.

179 2393 556 2461 ROMANO.
598 2396 789 2462 AVG.
837 2399 925 2478 (7)
963 2406 1144 2478 quales
1180 2408 1368 2465 deinde
1391 2409 1678 2486 pleraeque
1699 2415 1828 2470 aliae

1708 2500 1823 2558 sunt

287 2651 363 2706 (6)
390 2649 450 2698 T.
471 2650 533 2700 Π.
553 2654 584 2701 f.
605 2672 694 2718 573,
733 2660 809 2722 (7)
850 2663 964 2724 apud
982 2660 1395 2726 BergerumT.II.
1415 2666 1447 2713 f.
1474 2670 1573 2728 679.
1604 2669 1816 2730 (gssibT.

171 2706 256 2830 {1316
287 2731 355 2774 45·
382 2733 426 2764 et
449 2721 564 2782 apud
585 2721 986 2776 Montefalconem
1004 2734 1044 2775 in
1067 2730 1301 2797 Antiquit.
1325 2730 1389 2777 T.
1412 2732 1451 2780 I.
1480 2750 1612 2797 parte
1634 2733 1697 2782 II.
1723 2738 1820 2786 tab.
