2393 3590
603 203 1182 268 ALTITUDINIS
1223 204 1429 270 POLI.
1743 230 1878 300 499

370 361 686 438 Antequam
711 363 818 418 hoc
842 362 1244 420 instrumentum
1267 367 1331 421 ad
1364 363 1764 424 observationes
1787 372 1875 428 ad-

210 456 501 521 liibuimu5‚
537 452 738 507 summa
770 450 1031 520 diligentia
1047 453 1440 508 verificavimus
1461 472 1560 526 per
1581 454 1752 526 plures
1766 457 1878 515 dies

209 546 496 598 continuos
520 539 671 593 fitum
693 535 804 590 tubi
831 538 927 591 fixi
956 556 1114 610 quem
1136 539 1295 595 habet
1322 540 1552 613 respectu
1576 543 1870 620 divisioni53

205 631 362 701 idque
396 626 656 682 methodo
681 624 981 680 inversionis
1024 644 1052 680 a
1075 625 1148 681 D.
1177 624 1393 682 Picarto
1430 629 1784 686 demonstrata
1822 635 1875 690 in

210 718 431 773 trastatu
454 713 544 767 suo
579 712 642 766 de
671 712 912 766 mensura
951 723 1121 767 terrae
1148 749 1163 781 ,
1209 726 1260 768 et
1285 714 1402 785 post
1428 716 1569 769 hunc
1592 757 1606 784 ,
1642 734 1671 772 a
1694 715 1771 772 D.
1806 721 1875 776 de

210 804 258 859 la
287 801 416 861 Hire
449 799 538 855 ubi
574 798 683 870 agit
717 797 785 852 de
808 796 893 855 usu
919 797 1121 857 suarum
1152 800 1448 857 tabularum
1486 803 1868 862 astronomica-

209 907 347 948 rum.

347 972 594 1033 Posthaec
622 969 663 1028 6
687 972 771 1027 vel
792 981 827 1043 7
855 986 1008 1029 notas
1033 974 1084 1029 in
1125 974 1335 1033 obieeco
1384 977 1550 1033 diffito
1584 978 1872 1052 elegimus,

203 1065 268 1122 ad
303 1079 422 1136 quas
457 1060 745 1115 direximus
780 1061 1122 1130 quadrantem
1148 1063 1335 1118 eadem
1373 1065 1456 1118 die
1496 1078 1551 1119 et
1579 1066 1740 1135 hora,
1772 1086 1874 1140 qua

205 1153 315 1207 eius
342 1162 552 1204 errores
585 1164 681 1219 per
713 1146 1061 1201 inversionem
1100 1146 1399 1205 deteximus
1424 1193 1438 1219 ,
1495 1153 1632 1207 unde
1683 1171 1872 1213 verum

201 1229 442 1295 notarum
481 1235 628 1289 situm
664 1231 895 1304 respedtu
921 1232 1280 1288 observatorii
1312 1235 1664 1293 definivimus·
1752 1238 1867 1299 At-

202 1342 301 1398 que
318 1323 386 1378 fic
410 1323 463 1375 in
486 1320 755 1391 posterum
782 1319 855 1374 nil
870 1320 1088 1393 amplius
1105 1320 1457 1393 requirebatur
1483 1341 1589 1394 pro
1614 1325 1872 1396 quadran-

200 1414 264 1467 tis
287 1407 674 1464 examinatione
696 1423 844 1476 quam
870 1418 921 1461 ut
948 1424 1065 1460 eum
1092 1409 1157 1461 ad
1183 1421 1336 1463 notas
1362 1411 1716 1467 correcCtorias
1742 1415 1864 1468 diri-

200 1511 472 1569 geremus,
492 1491 637 1563 quod
667 1492 875 1563 quidem
891 1491 1096 1564 semper
1112 1494 1330 1550 facimus
1351 1495 1519 1568 paulo
1547 1509 1664 1551 ante
1688 1517 1871 1571 quam-

200 1596 402 1654 cunque
424 1577 695 1633 altitudinis
725 1577 1159 1635 observationem
1172 1582 1474 1638 habendam
1494 1595 1574 1638 aut
1587 1599 1724 1641 mox
1742 1587 1870 1659 post

199 1668 437 1726 habitam
460 1684 474 1737 '⁷
501 1663 608 1719 hoc
635 1664 814 1719 medio
839 1666 1142 1738 quadrantis
1178 1687 1333 1725 error
1360 1669 1667 1740 innotescit,
1706 1690 1867 1746 quem

194 1752 567 1811 observationis
587 1764 837 1826 tempore
858 1752 1033 1808 habet.

335 1837 502 1912 Quam
521 1839 593 1892 ita
609 1841 968 1895 examinando
994 1841 1269 1912 quadranti
1294 1843 1650 1914 impendimus
1668 1842 1870 1918 curam,v

201 1945 259 1985 ea
284 1926 469 1981 inutilis
491 1941 600 1978 non
625 1925 720 1979 fuit
756 1945 773 1994 3
813 1925 965 1983 Nam
990 1930 1355 2000 cognovimus
1381 1932 1524 2000 quod
1551 1934 1866 2007 quandoque

199 2014 344 2071 tubus
367 2011 703 2067 nihilominus
724 2012 932 2069 luxatus
955 2015 1134 2082 fuerit,
1175 2016 1301 2070 licet
1322 2033 1541 2072 omnem
1568 2018 1865 2078 adhibueri-

198 2119 314 2158 mus
339 2099 652 2173 diligentiam
679 2112 737 2153 ut
758 2114 907 2155 caute
929 2115 981 2157 et
1008 2102 1378 2176 circumspetste
1399 2107 1735 2176 tractaretur,
1754 2108 1862 2164 hoc

197 2190 299 2257 est,
326 2204 387 2242 ne
407 2186 554 2242 tubus
591 2199 913 2261 tangeretur.
1012 2189 1226 2247 Verum
1265 2191 1371 2246 hoc
1400 2191 1862 2252 observationibus

192 2277 268 2331 nil
291 2273 434 2328 obest
464 2311 478 2341 ‚
512 2276 624 2347 quia
651 2317 666 2345 ‚
693 2276 861 2332 veluti
884 2278 990 2332 iam
1021 2278 1253 2333 diximus
1274 2321 1287 2345 ‚
1321 2279 1671 2351 quantitatem
1696 2299 1853 2338 emo-

195 2362 351 2427 tionis
376 2360 480 2419 tubi
499 2362 948 2438 deprehendimus
971 2366 1174 2440 quoties
1200 2365 1499 2425 observatio
1523 2365 1770 2431 habetur.

958 2861 1086 2924 Rrr
1119 2876 1160 2923 2
1769 2868 1844 2932 11.
