2393 3590
783 184 902 248 DE
996 181 1524 249 BJLANCJBVS.
1871 207 1940 279 53

431 353 525 397 11.
610 335 1082 401 Constructionem
1127 341 1271 413 quod
1311 345 1491 402 attinet
1518 345 1667 418 atque
1693 345 1936 409 iustifica-

266 429 471 489 tionem
499 426 717 482 bilancis
744 471 757 497 ,
800 429 929 488 haec
966 427 1272 502 sequentem
1309 432 1361 487 in
1388 438 1615 492 modum
1640 435 1941 495 instituatur,

425 528 478 574 Ι.
569 512 826 587 Suspenso
861 516 1033 573 lineali
1064 514 1111 574 B
1151 515 1302 588 super
1336 519 1605 575 cultellum
1633 540 1666 576 z
1700 521 1942 585 sustenta-

268 601 365 659 culi
389 598 440 660 C
467 600 780 673 exploretur
806 620 914 676 ope
935 603 1009 660 fili
1035 603 1492 676 perpendicularis
1498 623 1541 683 y
1565 606 1699 665 infra
1725 625 1945 670 crenam

266 688 604 764 suspensionis
631 698 654 746 t
681 690 876 751 linealis
903 689 950 749 B
973 691 1172 764 aptati,
1203 704 1380 752 Vtrum
1407 693 1622 758 lineale,
1661 696 1748 750 vel
1773 698 1944 758 rimae

269 795 304 852 q
329 778 381 833 in
408 774 633 850 pinnulis
646 794 722 849 gg
743 777 1008 835 versatiles
1035 781 1232 838 rectam
1247 792 1460 837 teneant
1479 781 1675 839 lineam
1697 782 1945 842 horizon„

270 864 466 926 talem;
495 861 533 918 fi
556 876 690 931 non,
736 880 798 921 ea
822 865 1111 923 inducenda
1138 880 1249 941 ope
1291 867 1545 928 cochleae
1580 883 1872 948 perpetuae
1893 874 1943 947 h,

270 949 484 1008 cuilibet
510 949 749 1021 pinnulae
764 967 807 1022 g
830 950 1151 1022 applicatae.

403 1049 461 1093 ρ,
547 1033 866 1107 Imponatur
893 1035 1107 1105 cultello
1131 1053 1165 1091 z
1193 1038 1352 1095 etiam
1376 1039 1557 1111 scapus
1595 1037 1658 1097 A
1685 1086 1698 1113 ,
1743 1045 1944 1119 absque

263 1119 552 1181 elateribus
575 1129 626 1174 et
652 1117 914 1189 cochleis,
952 1132 1004 1177 et
1028 1119 1403 1191 aequilibretur
1433 1166 1446 1190 ,
1506 1128 1681 1182 donec
1708 1131 1943 1194 lamellae

263 1208 669 1268 extremitatum
692 1205 837 1277 scapi
862 1206 913 1281 f
935 1224 1056 1263 cum
1097 1207 1300 1263 rimulis
1331 1209 1507 1270 lucidis
1542 1231 1577 1285 q
1606 1214 1940 1282 lamellarum„

258 1294 581 1353 versatilium
618 1295 668 1348 in
692 1295 834 1347 reeta
864 1295 1000 1349 stent
1033 1294 1172 1348 linea
1200 1294 1518 1352 horizontali
1550 1343 1563 1369 ‚
1600 1312 1651 1353 et
1678 1309 1939 1361 conuerso

257 1385 449 1453 scap0‚
481 1392 543 1437 vt
569 1376 845 1440 brachium
877 1381 1123 1441 dextrum
1159 1381 1252 1443 fiat
1287 1383 1540 1444 sinistrum
1567 1429 1582 1462 ,
1626 1387 1768 1450 idem
1799 1409 1929 1453 con-2n

261 1471 444 1544 tingat.

407 1565 460 1623 3.
581 1547 762 1624 Scapo
832 1551 940 1612 hoc
1015 1555 1192 1612 modo
1261 1573 1585 1632 praeparato
1649 1579 1927 1638 apponam-

255 1656 340 1699 tur
368 1636 624 1695 cochleae
659 1639 921 1698 foeminae
946 1661 999 1722 ’γ
1046 1685 1060 1712 ,
1121 1644 1315 1718 absque
1343 1649 1621 1708 elateribus
1660 1687 1676 1720 ,
1759 1672 1811 1712 et
1864 1677 1971 1720 eX‘

255 1745 414 1786 crena
436 1725 777 1797 suspensionis
799 1735 822 1780 t
851 1746 960 1801 ope
993 1730 1178 1787 circini
1222 1736 1535 1791 concilietur
1573 1742 1924 1812 aequidistan-

253 1815 324 1873 tia
353 1813 580 1869 crenulis
606 1808 640 1869 δ
666 1813 1010 1877 cochlearum
1024 1816 1797 1902 foeminearumysuspenfioni
1819 1833 1930 1893 lan„

252 1902 394 1960 cium
417 1902 732 1960 dicatarum.
870 1970 885 1982 θ

411 2002 468 2069 4„
562 1985 908 2059 Suspendatur
934 1990 1126 2049 iterum
1156 1989 1333 2065 scapus
1358 1990 1422 2052 A
1454 2007 1503 2051 et
1530 1999 1924 2081 aequilibretur3

249 2075 521 2139 demendo
548 2074 615 2133 de
639 2072 897 2151 superflua
924 2079 1180 2150 grauitate
1203 2081 1458 2142 cochleae
1482 2081 1747 2146 foeminae
1772 2108 1930 2167 prae,

246 2165 604 2243 ponderanda.

420 2263 462 2323 5.
556 2246 854 2309 Addantur
899 2251 1122 2309 elateres
1156 2255 1194 2328 β
1223 2296 1236 2323 ,
1282 2269 1336 2310 et
1373 2257 1411 2311 fi
1447 2260 1814 2330 aequilibrium
1858 2267 1924 2323 ab

251 2341 312 2397 iis
345 2338 496 2393 fuerit
541 2337 781 2397 vitiatum
814 2374 829 2405 ‚
865 2351 1068 2400 tantum
1103 2342 1226 2399 lima
1262 2342 1328 2400 ab
1358 2344 1634 2402 elateribus
1663 2349 1925 2428 dematur,

251 2438 500 2504 quantum
525 2439 661 2494 opus
683 2422 842 2479 fuerit
868 2427 933 2485 ad
955 2428 1329 2500 aequilibrium
1343 2428 1506 2503 scapo
1533 2435 1923 2503 restituendum,

406 2509 470 2572 6,
556 2508 814 2570 Tandem
836 2513 1091 2575 addantur
1115 2517 1294 2577 lances
1335 2521 1516 2582 exacte
1552 2524 1916 2598 aequiponde-

248 2612 440 2662 rantes,
855 2654 889 2666 a„
1635 2598 1639 2602 ⁴
1710 2600 1715 2602 ’

400 2697 456 2757 7.
542 2684 709 2762 Quod
733 2689 940 2744 veroin
971 2692 1085 2747 aliis
1104 2690 1395 2750 bilancibus
1421 2694 1648 2766 lingulae
1682 2699 1920 2766 officium

243 2773 334 2849 cst,
366 2772 421 2831 id
438 2772 727 2848 praestabit
750 2777 802 2833 in
827 2775 927 2835 hac
950 2778 1217 2839 lamellula
1248 2778 1292 2849 f
1308 2781 1555 2842 alterutra
1581 2785 1636 2844 in
1659 2796 1910 2854 extremi-

1063 2860 1117 2924 (ἶ
1170 2881 1202 2943 3
1804 2882 1918 2940 tati.⁹
