2393 3590
602 121 717 203 ·258
1164 117 1281 178 DE
1371 119 1533 179 TVB
1546 115 1736 179 Vns

590 276 711 335 nihil
740 276 1036 334 mersorum
1063 276 1229 333 maius
1256 276 1428 347 fuisse,
1465 296 1622 350 quam
1650 278 1951 335 eorundem
1988 283 2253 338 extrae'to-

594 384 708 421 rum
736 364 901 420 :Illud
945 365 1096 434 grani
1135 364 1279 419 vnius
1306 403 1318 432 ,
1357 380 1410 421 et
1435 366 1655 435 amplius
1677 385 1694 432 3
1720 366 1825 419 hoc
1850 367 1914 421 ab
1942 383 2049 422 vno
2080 385 2262 441 grano

589 450 830 505 nonnihil
859 452 1119 506 deficiens.
1207 450 1371 528 Quod
1410 464 1776 518 augmentum,
1810 464 1870 503 vt
1893 453 1947 505 id
1979 453 2159 509 obiter
2187 454 2266 507 di-

593 554 713 591 cam
741 580 754 605 ,
794 539 1060 609 arginibus
1084 540 1293 609 imputo
1326 579 1339 604 ‚
1388 538 1471 607 qui
1495 547 1750 590 externae
1772 534 2068 591 tubulorum
2093 541 2260 611 super-

592 624 726 679 ficiei
750 624 1119 681 adhaerebant.

741 711 972 769 XXVI,
1064 707 1293 764 Certum
1313 708 1471 780 igitur
1497 707 1570 763 est
1613 708 1859 780 ponderis
1899 725 2266 782 augmentum:

593 797 682 852 sed
705 796 824 850 nihil
841 812 1017 851 tamen
1039 795 1228 865 egimus
1255 794 1401 848 omni
1425 794 1514 850 hoc
1543 805 1740 850 conatu.
1827 797 2065 869 Vtraque
2104 798 2262 852 nimi-

593 901 711 939 rum
735 882 978 936 sententia
999 882 1143 935 idem
1170 882 1427 953 ponderis
1452 895 1788 954 augmentum
1812 886 2051 956 requirit,
2088 883 2266 961 Quic-

593 967 719 1040 quid
744 970 875 1022 vitro
896 966 1164 1036 adhaeret,
1202 980 1383 1040 grauat
1405 970 1457 1022 in
1478 970 1708 1037 vitrum,
1751 969 1787 1022 si
1816 971 1879 1024 ab
1907 987 1975 1024 eo
2003 968 2182 1043 suspen
2195 970 2267 1024 di-

596 1069 698 1110 tur.
782 1055 912 1110 Inde
944 1054 1200 1126 ponderis
1247 1066 1604 1120 augmentum.
1700 1052 1803 1109 Sed
1833 1057 1974 1112 idem
1998 1059 2142 1110 vitro
2169 1073 2255 1110 ac-

596 1142 780 1206 cedit,
824 1140 860 1194 fi
898 1156 1026 1211 aqua
1056 1137 1381 1209 suspenditur
1425 1157 1454 1193 a
1510 1141 1801 1195 differentia
1819 1143 2102 1215 p7·ff071um
2130 1144 2260 1218 flui-

598 1229 648 1284 di
687 1227 840 1298 supra
866 1239 916 1278 et
942 1227 1071 1280 infra
1095 1224 1356 1296 Vrgenti5‚
1443 1223 1537 1278 De
1562 1225 1651 1277 hoc
1682 1227 1718 1280 si
1752 1229 1990 1295 dubites,
2052 1247 2168 1283 rem
2193 1228 2265 1282 sic

598 1314 767 1369 habe:
812 1303 956 1367 Cum
985 1313 1034 1363 in
1059 1310 1236 1362 libero
1273 1324 1392 1361 aere
1412 1324 1606 1364 vacuus
1641 1323 1693 1363 et
1726 1311 2042 1380 cylindricus
2066 1317 2264 1385 pendet

602 1400 824 1456 tubulus
846 1441 859 1466 ‚
898 1397 1087 1450 eadem
1123 1395 1195 1448 est
1236 1397 1525 1465 prementis
1552 1396 1945 1465 atmofphaerae
1975 1401 2107 1454 aetio
2135 1402 2186 1453 in
2216 1416 2274 1454 v-

603 1500 842 1555 tramque
867 1480 1042 1546 basin,
1075 1478 1400 1560 superiorem
1429 1495 1483 1536 et
1513 1483 1846 1543 inferiorem,
1932 1485 2182 1542 Vocetur
2208 1485 2266 1538 il-

604 1574 652 1628 la
676 1566 1196 1640 Aza-4—b-i-03
1246 1568 1609 1641 exprimatque
1643 1585 1672 1623 a
1709 1583 1920 1640 partem
1963 1570 2256 1638 preffioniS,

603 1674 734 1729 quae
762 1654 1012 1710 iateribus
1033 1654 1148 1708 tubi
1172 1654 1378 1725 semper
1415 1655 1678 1710 incumbit
1703 1697 1717 1722 ,
1748 1655 1851 1707 siue
1878 1651 2048 1708 mersa
2072 1654 2168 1708 sint
2198 1668 2260 1705 o-

603 1743 781 1800 rificia
809 1742 896 1796 iub
926 1759 1136 1812 aquam,
1172 1741 1274 1795 siue
1295 1741 1715 1812 sec1153exponat
1742 1739 1773 1794 b
1798 1755 1915 1794 eam
1942 1741 2270 1811 portionem,

603 1848 736 1902 quae
785 1846 879 1900 per
916 1827 1235 1899 hypothesin
1281 1830 1505 1883 innititur
1539 1829 1763 1883 interiori
1795 1825 2274 1898 laterum'superfi-

607 1919 738 1984 ciei,
769 1932 889 1970 cum
915 1916 966 1968 in
989 1932 1109 1969 aere
1135 1914 1207 1968 est
1232 1913 1499 1971 orificium
1516 1953 1530 1982 ‚
1577 1928 1630 1969 et
1654 1931 1782 1986 quae
1805 1930 1992 1985 aquam
2018 1914 2275 1979 diciture-

606 2006 816 2066 leuare,
857 2017 976 2054 cum
1007 2001 1216 2056 inferius
1242 2001 1507 2055 orificium
1537 2000 1700 2072 aquae
1723 1995 2091 2070 immergitur:
2118 1998 2266 2050 deni-

611 2108 711 2164 que
736 2107 759 2142 ς
783 2086 1041 2157 significet
1067 2099 1274 2156 partem
1303 2087 1579 2154 preffionis
1611 2125 1625 2151 ‚
1672 2101 1799 2153 quae
1828 2084 1891 2137 fit
1911 2087 1961 2136 in
2002 2083 2274 2137 cauitatem

610 2177 721 2232 tubi
832 2174 1101 2241 Mergatur
1124 2169 1329 2224 tubulus
1351 2187 1457 2224 vna
1483 2168 1551 2223 sui
1581 2169 1918 2223 extremitate
1953 2167 2042 2223 sub
2066 2185 2272 2240 aquam,

615 2274 791 2317 manet
815 2258 1045 2330 superior
1081 2256 1275 2331 preffio
1309 2256 1562 2311 inuariata
1586 2297 1600 2323 ,
1634 2254 1996 2318 :a-i-b-ss-c.
2088 2253 2193 2310 Sed
2218 2256 2272 2308 in

612 2347 874 2421 pressione
898 2343 1135 2399 inferiori
1163 2344 1367 2397 accedit
1396 2341 1637 2396 variatio.
1724 2341 1908 2410 Vrget
1943 2340 2112 2396 adhuc
2160 2341 2278 2396 tubi

614 2436 783 2488 latera
808 2429 941 2484 nisus
967 2446 1020 2494 ct,
1049 2444 1200 2497 Vrget
1230 2431 1502 2482 cauitatem
1520 2426 1713 2498 preffio
1747 2445 1772 2480 c
1799 2447 1810 2481 :
1844 2429 2053 2486 Verum
2080 2427 2276 2499 preffio

616 2520 645 2575 h
668 2534 777 2571 non
812 2515 1034 2584 :implius
1057 2515 1244 2568 tubum
1268 2527 1422 2586 Vrget
1448 2543 1466 2579 ‚s
1503 2511 1584 2565 sed
1612 2530 1797 2583 aquam
1830 2513 2084 2567 sustentat.
2174 2512 2276 2584 lgi-

618 2620 696 2659 tur
727 2600 909 2672 preffio
936 2600 1042 2654 tubi
1065 2597 1307 2654 deorsum
1333 2599 1551 2653 excedit
1577 2597 1889 2668 pressionem
1921 2641 1934 2665 ‚
1966 2616 2060 2670 qua
2092 2598 2273 2653 sursum

627 2702 856 2761 vrgetur‚
900 2696 1057 2759 parte
1077 2705 1137 2743 ea
1152 2723 1169 2758 ,
1206 2702 1367 2758 quam
1393 2686 1420 2741 h
1445 2685 1674 2742 diximus
1699 2726 1714 2754 ‚
1754 2697 1805 2739 et
1828 2702 1955 2758 quae
1976 2703 2074 2761 per
2095 2685 2273 2757 hypo-

2155 2773 2271 2828 the-
