2393 3590
174 411 386 460 'scchIL

460 214 545 301 45
994 211 1110 273 DE
1195 206 1715 274 BJLANCJBVS.

599 384 700 447 27.
786 365 935 427 Huic
976 370 1132 428 etiam
1159 368 1303 428 malo
1354 366 1548 443 duplici
1594 366 1885 424 remedium
1919 363 2136 426 accomss

463 463 704 531 mod-aui,
732 472 784 515 et
810 461 1014 533 aginam
1040 477 1068 514 a
1095 459 1297 533 vulgari
1323 456 1499 512 forma
1531 454 1688 526 plane
1721 455 1949 513 alienam
1990 456 2136 514 adhi-

463 547 581 620 bui,
610 562 767 622 quam
791 559 926 601 nunc
957 545 1282 602 describam:
1322 562 1372 613 οι,
1396 545 1452 619 β,
1482 559 1551 617 γ.

622 636 706 692 Ex
728 634 925 689 lamina
955 633 1102 688 vnica
1121 630 1384 688 latioreA
1411 632 1621 703 aginam
1645 627 1854 686 confeci
1886 674 1900 700 ‚
1935 629 2137 689 lamina

465 718 699 797 superius
718 733 771 776 et
800 717 1012 775 inferius
1034 736 1067 775 a
1095 733 1147 775 et
1172 719 1204 774 b
1238 729 1506 774 recuruata
1531 735 1542 769 :
1573 718 1644 769 ita
1663 753 1678 784 ,
1729 732 1788 772 vt
1813 718 1988 772 antica
2012 734 2138 790 pars

468 824 652 883 aperta
678 820 996 874 remaneret,
1018 819 1072 860 et
1094 806 1283 874 lingula
1309 804 1444 857 nuda
1472 815 1586 874 γε).
1614 818 1765 855 crure
1792 805 1969 873 aginae
1990 804 2135 859 nullo

467 892 924 967 tecta‚conspe6iui
947 890 996 945 se
1020 892 1235 945 sisteret.
1324 886 1388 943 In
1416 883 1800 942 laminaehuius
1824 887 2034 944 latioris
2057 891 2137 945 in-

464 981 662 1038 feriore
687 991 846 1050 parte
884 1009 899 1044 ,
960 975 1178 1045 longum
1217 987 1272 1029 et
1299 972 1464 1029 latum
1487 970 1732 1029 foramen
1752 990 1808 1028 cc
1828 974 2022 1042 incidi,
2065 978 2138 1033 ita

468 1083 525 1124 vt
556 1064 684 1123 illud
719 1065 934 1137 quadret
975 1064 1041 1117 ad
1073 1073 1403 1116 recuruatum
1431 1072 1484 1111 et
1509 1056 1696 1114 sursum
1725 1060 1984 1117 inflexum
2004 1061 2133 1118 infe.

467 1152 573 1211 rius
595 1164 916 1209 extremum.
1005 1144 1141 1202 Illud
1163 1147 1404 1201 foramen
1424 1140 1640 1201 inferius
1674 1145 1767 1200 vbi
1803 1148 1987 1203 desinit
2008 1191 2022 1217 ‚
2081 1162 2133 1205 et

464 1257 588 1315 pars
619 1242 800 1314 aginae
826 1239 933 1290 ima
949 1230 1138 1290 sursum
1166 1234 1305 1287 flexa
1326 1273 1339 1299 ,
1385 1233 1666 1303 recipiunt,
1684 1245 1931 1306 tanquam
1965 1235 2136 1291 fulcra

468 1330 573 1384 duo
593 1370 606 1396 ,
634 1324 897 1381 axiculum
923 1318 1092 1392 scapi,
1135 1333 1193 1373 vt
1224 1320 1276 1372 in
1305 1317 1402 1372 illis
1426 1315 1640 1372 haerere
1664 1331 1715 1371 et
1738 1321 1922 1391 iugum
1946 1318 2140 1377 librare

463 1412 513 1470 se
544 1411 716 1486 possit.
842 1406 906 1466 In
943 1418 1219 1463 recuruato
1253 1405 1348 1459 illo
1387 1402 1574 1477 aginae
1600 1418 1852 1462 extremo
1877 1407 2140 1464 incidatur

466 1493 846 1556 semicircellus
881 1494 916 1549 d
948 1535 963 1564 a
1001 1492 1090 1567 pisi
1132 1488 1509 1565 magnitudine,
1548 1510 1577 1547 e
1607 1492 1824 1564 regione
1857 1492 2136 1552 foraminiS

466 1589 732 1658 longioris
771 1602 795 1637 c
837 1583 1055 1637 laminae
1076 1580 1360 1651 oppositae
1383 1621 1397 1646 ‚
1431 1590 1483 1632 et
1506 1575 1560 1633 in
1585 1579 1693 1633 eius
1720 1577 1902 1634 medio
1939 1579 2036 1634 fiat
2072 1583 2139 1637 ri-

470 1675 614 1731 mula
639 1669 931 1728 tenuiffima
985 1712 999 1737 ‚
1053 1671 1103 1724 in
1127 1684 1227 1739 qua
1253 1665 1519 1739 quiescere
1546 1665 1704 1739 poss'it
1740 1666 1974 1721 axiculus
2027 1701 2042 1733 ‚
2086 1668 2138 1723 id
2228 1672 2232 1678 '

470 1763 613 1834 quod
640 1763 693 1815 in
718 1758 950 1830 longiori
973 1752 1224 1811 foramine
1239 1767 1309 1808 ex
1334 1752 1590 1825 opposito
1617 1753 1718 1807 fito
1748 1754 1902 1808 etiam
1930 1753 2137 1823 fiat‚ita‚

465 1861 528 1902 vt
566 1863 756 1902 crenae
790 1844 888 1898 hae
925 1841 1053 1898 duae
1094 1842 1194 1896 fibi
1216 1853 1560 1913 opponantur
1585 1851 1771 1895 mutuo
1796 1882 1811 1908 ,
1885 1852 2142 1912 aptaeque

471 1934 571 1990 fint
595 1932 926 2004 excipiendo
955 1929 1168 1985 axiculo
1194 1927 1365 2000 scapi,
1407 1927 1734 1998 immissaque
1769 1925 2011 1980 deorsum
2036 1940 2139 1982 tra-

472 2021 541 2074 be
574 2023 625 2074 in
653 2014 1116 2091 aginamjaxiculus
1140 2016 1353 2071 haereat
1376 2015 1429 2068 in
1457 2013 1657 2069 duabus
1682 2013 1783 2067 istis
1808 2013 2047 2069 crenulis.
2078 2014 2142 2070 In

471 2105 717 2178 superiori
745 2106 927 2177 aginae
955 2103 1133 2172 spatio
1163 2101 1299 2153 inter
1324 2099 1485 2152 latum
1508 2099 1619 2153 eius
1643 2095 1856 2153 dorsum
1883 2111 1937 2155 et
1963 2113 2139 2155 extre-

478 2209 632 2249 mum
663 2194 993 2246 incuruatum
1028 2187 1275 2242 existente
1300 2227 1314 2254 ,
1355 2197 1558 2256 aptetur
1589 2183 1795 2241 lamella
1819 2226 1833 2254 ‚
1877 2199 1931 2240 et
1966 2188 2020 2241 in
2046 2188 2141 2243 illa

476 2279 660 2336 rimula
680 2276 842 2333 tenuis
863 2320 877 2343 ‚
937 2277 1152 2331 duarum
1180 2274 1391 2327 circiter
1410 2270 1663 2327 linearum
1687 2270 1845 2343 longa
1867 2271 2140 2343 incidatur,

477 2378 535 2422 vt
573 2384 667 2438 per
700 2365 844 2420 illam
867 2364 961 2418 lux
1000 2359 1344 2430 conspici7ad
1382 2359 1544 2413 instar
1581 2359 1745 2412 lineae
1777 2358 1983 2414 lucidae
2025 2378 2144 2431 per-

478 2450 933 2525 perpendicularis
969 2449 1140 2520 poffit.
1253 2447 1344 2502 Ex
1378 2462 1438 2498 ea
1469 2444 1723 2500 iudicatur
1758 2446 1977 2515 lingulae
2016 2464 2136 2517 per-

481 2537 851 2612 pendicularis7
872 2535 1015 2603 situs,
1059 2534 1094 2589 si
1121 2530 1228 2586 scil.
1255 2532 1487 2588 medium
1518 2535 1697 2602 aginae
1716 2545 1977 2603 occupat,
2020 2548 2143 2586 cum

479 2630 616 2682 rima
643 2627 732 2679 ista
761 2622 930 2678 lucida
955 2622 1145 2675 lineam
1168 2620 1369 2674 fficiam
1396 2619 1675 2686 constituit,
1709 2631 1761 2671 et
1797 2634 1894 2670 nec
1921 2616 1985 2670 ad
2010 2619 2135 2672 dex-

483 2723 653 2778 tram,
702 2728 864 2780 neque
901 2708 966 2763 ad
1003 2708 1254 2762 sinistram
1311 2705 1544 2760 defiec‘tit.
1633 2703 1872 2758 Lamella
1917 2703 2005 2756 ista
2051 2720 2145 2775 per

488 2801 757 2856 cociiieam
787 2810 1105 2871 perpetuam
1123 2810 1195 2868 gg
1220 2793 1557 2849 transuetfim
1586 2790 1818 2865 positam
1843 2790 2057 2846 mobilis
2072 2793 2146 2861 sit,

2086 2889 2147 2933 vt
