2393 3590
568 160 691 238 316
799 154 917 220 DE·
965 152 1147 216 ΠΤ.
1195 147 1570 215 VELociT.
1616 140 2079 211 coRPoRVM

563 330 618 372 et
650 314 686 371 si
714 331 812 388 per
836 331 869 368 a
893 312 1178 387 intelligere
1198 309 1427 368 velimus
1454 302 1754 362 mensuram
1781 305 1931 361 vuius
1967 300 2238 376 pedis,erit
2304 343 2308 347 -
2384 344 2386 364 i

556 414 666 480 p:
702 416 788 458 tot
827 401 970 456 libris
1007 412 1135 470 quot
1177 397 1515 453 continentur
1548 390 1776 444 vnitates
1815 392 1867 444 in
1895 389 2036 465 76f‚
2094 389 2240 478 vnde

566 503 763 580 preffio
803 516 964 573 aquae
1000 513 1186 554 contra
1222 496 1443 570 planum
1478 491 1583 544 iam
1622 487 1696 542 est
1713 477 1930 540 :mnas
1950 490 2031 547 seu
2072 487 2082 514 ¹
2111 477 2224 524 9'mf

1836 544 1896 580 4⁵·
2125 546 2143 570 ⁵
2224 548 2242 576 ν

569 618 703 677 quae
735 598 811 654 est
850 597 1078 668 aequalis
1104 598 1199 668 ipsi
1248 591 1495 668 preffioni
1534 589 1805 645 mediante
1830 607 1929 661 qua
1956 588 2168 661 planum
2189 594 2242 649 in

572 701 718 746 motu
751 684 839 740 suo
862 682 1229 752 consternatur,
1274 695 1511 753 quaeque
1536 679 1697 750 proin
1719 676 1756 731 si
1782 691 2030 750 aequetur
2049 693 2170 733 cum
2183 680 2242 735 vi

574 791 762 831 nauem
799 769 1138 842 propellente
1168 811 1183 837 ‚
1237 765 1521 822 habebitur
1561 780 1812 820 numerus
1867 765 2184 820 desideratus
2188 763 2246 841 f

574 857 845 915 Ponamus
880 874 928 911 v.
965 873 1048 929 gr.
1083 854 1188 911 effe
1226 871 1417 908 nauem
1442 852 1514 907 ita
1551 853 1837 907 formatam
1871 864 1924 906 et
1947 863 2243 920 oneratam,

575 961 630 1003 vt
654 947 799 1000 illam
827 943 1014 999 decem
1041 943 1286 998 homines
1335 939 1353 1015 <
1361 955 1587 1013 quorum
1614 940 1871 994 actionem
1890 939 2253 1012 aequipollere

576 1048 853 1108 ponemus
888 1043 1052 1088 1000
1078 1029 1249 1094 libris)
1278 1040 1527 1097 tempore
1549 1026 1777 1083 duorum
1799 1027 2120 1082 minutorum
2144 1026 2254 1098 pri-

579 1136 796 1177 morum
821 1118 873 1172 in
899 1132 1029 1188 aqua
1056 1116 1324 1187 stagnante
1349 1112 1552 1168 trahere
1574 1110 1768 1181 poffint
1780 1129 1873 1184 per
1887 1112 2112 1185 spatium
2135 1112 2255 1169 mil-

579 1206 632 1263 le
664 1204 859 1278 pedum
901 1221 918 1276 3
957 1203 1051 1256 erit
1084 1203 1138 1256 in
1173 1200 1280 1255 hoc
1321 1196 1434 1252 casu
1467 1193 1642 1268 φιτ-ἓξ
1670 1231 1686 1262 ,
1727 1212 1783 1252 et
1821 1198 2046 1255 habetur
2099 1184 2241 1233 ¹9⁷²nf

2158 1253 2177 1278 S

580 1314 828 1362 :1000
853 1343 868 1370 ,
905 1300 1046 1356 vnde
1079 1296 1351 1354 habebitur
1370 1293 1628 1367 ponendo
1650 1311 1760 1365 pro
1784 1311 1811 1348 s
1838 1297 2084 1351 valorem
2113 1299 2259 1378 ¹65²,

564 1386 870 1466 szla-,f‘ffi
965 1387 1114 1453 Ergo
1152 1382 1281 1438 haec
1319 1381 1459 1436 nauis
1491 1379 1721 1435 eandem
1753 1381 1972 1438 habebit
2015 1386 2254 1443 resisten-

586 1477 715 1532 tiam
744 1491 804 1528 ac
828 1471 1047 1527 haberet
1095 1467 1315 1541 planum
1369 1465 1539 1538 ΙΩ-,ἔΤΨ
1567 1469 1686 1537 ped.
1715 1470 2089 1540 quadratorum
2128 1489 2253 1542 per..

588 1559 1004 1636 pendiculariter
1052 1569 1238 1611 contra
1284 1571 1477 1628 aquam
1534 1566 1759 1609 motum.
1857 1555 2046 1612 Liceat
2078 1556 2169 1612 hic
2207 1560 2264 1614 in

588 1645 806 1704 transitu
830 1660 1054 1699 monere
1090 1685 1104 1712 ‚
1148 1646 1330 1714 inepte
1364 1640 1636 1697 machinas
1679 1640 1916 1695 adhiberi
1953 1642 2018 1696 ad
2049 1653 2259 1713 protra-

590 1733 826 1792 hendam
840 1749 1028 1788 nauem
1044 1731 1093 1785 in
1112 1747 1243 1803 aqua
1260 1730 1522 1802 stagnante
1541 1744 1709 1799 neque
1728 1728 1903 1783 Vtilius
1927 1727 2263 1801 vimimpen.

592 1821 646 1877 di
684 1820 833 1893 posse
869 1836 1026 1893 quam
1057 1818 1301 1875 manibus
1330 1815 1590 1871 trahendo
1611 1814 1790 1870 funem
1815 1815 1904 1870 vel
1927 1817 2049 1870 naui
2076 1815 2261 1885 alliga-

596 1923 743 1974 tum,
779 1908 815 1962 si
841 1905 1088 1962 homines
1108 1905 1390 1960 consistant
1416 1905 1466 1957 in
1494 1902 1634 1974 ripa,
1663 1901 1749 1956 vel
1775 1901 1962 1957 alicubi
1986 1903 2180 1970 fixum,
2230 1901 2269 1958 fi

596 1997 648 2050 in
674 1995 791 2048 naui
821 1993 1040 2051 trahant,
1138 1991 1372 2068 Quoties
1421 2002 1596 2045 autem
1640 1986 1920 2043 machinae
1967 1989 2270 2044 adhibentur

598 2080 838 2157 perditur
882 2076 1132 2132 inutiliter
1162 2080 1242 2132 vis
1277 2077 1328 2129 in
1366 2073 1633 2129 frictiones
1665 2071 1903 2145 impensa
1945 2088 1957 2123 τ
1994 2070 2053 2129 Si
2086 2087 2269 2130 tamen

601 2183 769 2240 aquae
797 2163 1094 2220 notabilem
1113 2164 1453 2217 tenacitatem
1478 2160 1634 2216 ineffe
1645 2175 1849 2231 ponere
1868 2159 2122 2216 vellemus
2129 2197 2144 2231 ,
2161 2176 2271 2218 non

602 2252 915 2310 reiiciendus
939 2249 1064 2306 esi-'et
1084 2250 1294 2306 illarum
1316 2246 1449 2309 vsus,

765 2339 899 2397 Vn.
931 2339 1197 2397 Videmus
1222 2351 1431 2410 quoque
1456 2350 1696 2407 corpora
1717 2332 2022 2391 fluminibus
2042 2337 2275 2391 innatan-

612 2424 686 2477 tia
711 2441 819 2477 non
844 2425 1069 2478 omnino
1093 2425 1323 2479 eandem
1349 2422 1545 2477 habere
1569 2421 1912 2477 velocitatem
1938 2465 1953 2492 ,
1995 2440 2151 2494 quam
2182 2422 2276 2476 ha-

617 2509 708 2562 bet
731 2525 878 2579 aqua.
967 2507 1031 2562 Id
1057 2526 1125 2562 ex
1160 2510 1298 2562 nulla
1335 2510 1428 2563 alia
1452 2507 1600 2564 causa
1635 2507 2005 2563 deducendum
2031 2524 2185 2579 quam
2208 2524 2276 2564 ex

618 2593 910 2650 resistentia
933 2595 1079 2647 aeris.
1168 2589 1314 2647 Hinc
1335 2594 1371 2647 fi
1410 2607 1683 2663 quaeratur
1709 2593 1955 2647 velocitas
1978 2611 2129 2666 quam
2158 2611 2279 2649 cor-

619 2697 723 2754 pus
742 2682 981 2736 innatans
1024 2679 1226 2742 flumini
1247 2679 1438 2735 habeat
1486 2676 1719 2753 respectu
1761 2678 2021 2750 fluminis,
2048 2682 2127 2737 illa
2183 2681 2287 2735 ob-

2142 2769 2274 2825 tine*
