2393 3590
565 171 695 254 480
835 163 1103 232 VETVS
1149 166 1636 230 INSCRIPTIO
1680 163 2090 235 PRVSSICA.

570 328 689 384 sicis
712 340 1054 384 monumenta
1069 326 1305 397 inspiciet
1323 341 1478 399 atque
1500 344 1629 382 cum
1647 327 1870 382 Ibericis
1892 328 2074 382 litteris
2101 343 2229 385 con-

571 414 701 470 feret
726 458 739 484 ‚
774 418 814 469 is
842 419 1061 469 minime
1092 414 1420 481 dubitauerit,
1452 413 1709 467 summam
1737 429 1915 469 earum
1933 415 2226 472 litterarum

569 503 967 574 congruentiam
1023 500 1391 553 animaduerti.
1499 497 1630 554 Duo
1683 511 1858 554 autem
1891 499 1997 554 sunt
2030 517 2226 570 genera

567 590 857 643 litterarum
904 586 1233 639 Ibericarum
1276 627 1290 653 ,
1337 586 1542 640 minora
1587 623 1600 654 ,
1647 585 1827 659 quibus
1864 588 2104 642 maxime
2156 607 2217 644 v-

568 687 770 734 tuntur,
806 671 889 724 sed
910 670 1160 736 recentia,
1193 683 1305 725 tum
1322 673 1550 741 maiora,
1581 672 1665 728 sed
1696 673 1908 728 vetusta.
1996 672 2227 730 Primum

566 760 710 832 quod
746 757 855 812 scio
886 793 899 823 ,
948 756 1287 828 alphabetum
1314 758 1576 813 Ibericum
1602 761 1867 830 vulgatum
1890 758 1960 814 est
1983 760 2035 813 in
2056 761 2225 816 Euro-

564 863 632 918 pa
662 863 802 899 anuo
831 845 912 897 clc
927 845 1200 903 13CXXIX.
1236 848 1371 919 typis
1384 844 1836 920 Congregationis
1860 843 2225 904 Cardinalium

563 934 630 985 de
651 933 1000 1003 propaganda
1024 930 1135 985 fide
1161 973 1173 999 ‚
1221 949 1343 988 cum
1376 934 1694 1006 quibusdam
1722 933 2096 1007 speciminibus
2125 935 2227 993 lin-

564 1034 715 1089 guae.
806 1016 909 1072 Sed
949 1019 1188 1073 minores
1223 1021 1603 1077 tantummodo
1636 1021 1845 1076 litterae
1865 1038 1934 1076 eo
1961 1021 2014 1075 in
2036 1021 2227 1077 libello

562 1101 777 1158 excusae
811 1104 1032 1159 fuerunt.
1081 1105 1337 1180 Eodem
1363 1125 1506 1163 anno
1529 1109 1717 1163 iisdem
1755 1110 1900 1180 typis
1934 1103 2229 1193 Stephanus

558 1187 829 1258 Paolinus‚
847 1193 1122 1246 adiuuante
1153 1190 1478 1267 Nicephoro
1501 1194 1733 1250 Itbacho
1761 1166 2080 1269 Georgiano
2109 1213 2227 1253 mo-

560 1278 732 1333 nacho
762 1274 813 1332 S
841 1280 1032 1347 Basilii,
1058 1279 1221 1334 edidit
1247 1281 1471 1336 lexicon
1497 1276 1864 1355 Georgianum
1887 1295 1939 1336 et
1958 1281 2220 1353 Italicum,

561 1363 614 1417 in
651 1383 757 1437 quo
785 1368 946 1422 etiam
974 1365 1320 1438 alphabetum
1345 1370 1469 1424 illud
1494 1369 1672 1424 minus
1700 1368 1959 1441 principio
1985 1367 2101 1424 libri
2127 1385 2224 1441 po-

556 1450 708 1506 fitum
735 1453 823 1507 est.
909 1453 1143 1508 Maiores
1192 1468 1365 1510 autem
1401 1456 1606 1511 litteras
1640 1458 1842 1527 primus
1863 1455 2017 1510 nobis
2041 1455 2229 1512 descri-

556 1537 654 1608 pfit
691 1532 1011 1594 Franciscus
1051 1541 1222 1595 Maria
1264 1543 1506 1615 Maggius
1540 1535 2229 1610 Panormitanus,Clericus

554 1624 814 1696 regularis
842 1625 1050 1681 Romae
1071 1626 1257 1680 iisdem
1284 1629 1459 1701 typiS,
1484 1645 1625 1683 anno
1653 1627 1956 1685 clolochx
1981 1631 2035 1685 in
2059 1629 2226 1702 synta-

560 1724 739 1782 gmate
756 1712 1044 1779 linguarum
1064 1713 1424 1781 orientalium,
1469 1732 1599 1785 quae
1627 1715 1679 1767 in
1701 1708 1975 1786 Georgiae
2002 1718 2229 1788 regioni-

558 1796 655 1852 bus
688 1799 974 1853 audiuntur.
1071 1797 1133 1853 In
1170 1798 1243 1853 his
1270 1803 1445 1873 prima
1482 1800 1556 1855 est
1595 1800 1852 1855 institutio
1887 1796 2228 1872 Georgianae

557 1886 777 1957 linguae.
870 1886 960 1940 Ex
995 1885 1221 1958 Maggio
1266 1888 1464 1942 litteras
1513 1887 1625 1943 illas
1667 1882 1922 1942 Andreas
1967 1888 2226 1946 Mullerus

556 1965 981 2045 Greiffenhagius
1020 1974 1281 2044 produxit.
1393 1973 1668 2030 Praeterea
1704 1972 1921 2028 Romae
1987 1975 2226 2032 doctrina

557 2058 834 2112 christiana
862 2058 1183 2113 Bellarmini
1204 2074 1257 2116 et
1281 2061 1481 2117 Litania
1507 2060 1707 2118 Mariae
1737 2058 2059 2118 Lauretanae
2087 2063 2225 2120 edita

557 2144 667 2198 sunt
695 2141 1002 2214 Georgi-ana
1030 2146 1218 2218 lingua

697 2233 812 2289 Vt
800 2252 870 2306 igi
859 2246 954 2285 tur
974 2233 1037 2288 Ib
1032 2234 1222 2288 ericae
1244 2235 1451 2290 litterae
1483 2249 1600 2289 curn
1625 2230 1675 2286 hi
1665 2250 1705 2287 5
1728 2227 2022 2291 Prutenicis
2048 2248 2100 2291 et
2122 2235 2223 2294 illis

291 2302 407 2349 Tab
419 2299 497 2347 23·
563 2317 824 2390 Kirgincis
863 2321 1165 2392 comparari
1201 2320 1436 2394 possint,
1481 2316 1693 2392 apposui
1722 2337 1810 2377 eas
1838 2321 2002 2378 hiem
2029 2316 2222 2380 tabula.

276 2367 494 2426 pivs-gl!

564 2404 750 2459 Vnum
783 2406 954 2459 adhuc
1004 2408 1247 2462 aduertet
1279 2407 1543 2462 lectorem
1569 2441 1584 2474 ‚
1633 2407 1777 2477 quod
1795 2411 1845 2465 in
1869 2423 2222 2466 monumento

565 2489 795 2558 figuram
822 2492 1016 2545 statuae
1038 2494 1193 2562 plane
1211 2490 1605 2567 Aegyptiacam
1632 2495 1821 2557 cernit.
1910 2493 2045 2552 Hoc
2069 2497 2224 2552 nobis

563 2577 782 2629 minime
811 2579 1074 2631 aduersum
1101 2579 1183 2631 est.
1269 2577 1419 2636 Nam
1443 2582 1495 2635 in
1514 2579 1778 2638 Colchide
1807 2617 1822 2649 ,
1868 2583 2008 2637 vnde
2028 2584 2118 2640 has
2132 2585 2217 2638 lit·
2267 2582 2270 2585 ’

564 2672 696 2716 teras
729 2663 995 2735 profestas
1032 2662 1306 2735 diximus,
1362 2669 1528 2723 multa
1574 2666 1793 2743 vestigia
1839 2665 2221 2745 Aegyptiacae

2058 2757 2222 2832 stirpis
