2393 3590
450 87 559 149 IN
592 82 912 146 MEDHS
947 83 1618 157 RESISTENTIBVS
1732 104 1856 181 ⁶323

195 243 335 300 culus
359 241 556 314 absque
577 241 850 315 praedicto
888 241 1214 317 compendio
1239 260 1347 302 non
1379 246 1669 307 admodum
1701 252 1850 310 labo-

191 328 355 386 riosus
379 329 453 383 fit.
1883 336 1887 339 ’

344 416 421 474 V.
503 414 563 469 In
603 414 855 470 omnibus
889 418 1324 488 praecedentibus
1354 425 1748 496 aequationibus
1777 428 1855 484 in-

186 503 438 575 telligitur
485 518 583 572 per
623 519 657 554 n
690 503 801 557 talis
836 506 1128 575 quantitas,
1170 523 1300 578 quae
1351 512 1705 584 multiplicata
1754 533 1850 586 per

188 592 493 662 quadratum
528 586 826 644 velocitatis
865 591 949 644 dat
974 593 1316 649 resistentiam
1344 596 1634 655 absolutam
1662 621 1677 670 ·,
1710 619 1842 674 pen-

192 677 281 732 det
301 678 467 747 itaque
489 672 868 731 determinatio
897 678 1048 749 ipsius
1079 698 1109 734 n
1149 698 1176 734 a
1208 684 1580 754 magnitudine
1603 701 1656 742 et
1677 687 1848 763 figura

191 764 467 840 corpori5‚
508 773 620 816 tum
641 763 800 816 etiam
831 781 860 818 a
881 767 1130 834 grauitate
1149 766 1394 839 specifica
1424 773 1573 828 fluidi
1599 793 1615 842 ·,
1654 774 1734 830 his
1749 793 1837 831 au·

188 863 294 906 tem
319 866 418 922 pro
439 846 602 901 lubitu
628 847 858 903 assumtis
880 851 1166 908 desiderata
1191 859 1443 926 quantitas
1465 877 1495 913 72
1512 861 1742 934 petenda
1767 862 1844 916 est

187 954 255 991 ex
277 936 374 1001 iis,
413 950 541 1006 quae
565 936 750 987 monui
787 931 872 1002 ᾗῇ.
913 945 973 1005 7.
1017 935 1074 994 8.
1100 953 1153 992 et
1184 955 1236 1012 9.
1259 957 1402 1012 part-
1436 959 1487 1004 1.
1577 945 1696 1004 Hac
1720 948 1840 1004 vice

176 1019 527 1076 considerabo
555 1018 736 1076 saltem
774 1036 1019 1093 corpora
1056 1021 1323 1095 sphaerica
1354 1065 1368 1095 ,
1416 1034 1844 1107 quandoquidem

178 1125 300 1165 cum
323 1107 689 1165 huiuscemodi
724 1107 1044 1180 corporibus
1080 1113 1315 1166 maxima
1350 1119 1840 1187 experimentorum

171 1213 302 1271 pars
327 1213 452 1251 cum
478 1214 506 1250 a
533 1193 824 1252 Newtono
847 1208 958 1251 tum
981 1199 1147 1252 etiam
1189 1198 1255 1256 ab
1281 1199 1398 1254 aliis
1434 1201 1654 1258 instituta
1685 1204 1789 1262 fuit.

309 1282 667 1342 VLVidimus
691 1283 741 1335 in
769 1278 817 1349 ᾗ.
847 1294 900 1352 7.
917 1301 973 1354 p.
1010 1298 1062 1341 1.
1093 1287 1237 1357 quod
1270 1287 1437 1357 posita
1461 1287 1750 1347 velocitate
1768 1307 1843 1349 ta·

170 1369 299 1436 li‚vt
312 1385 510 1438 corpus
527 1365 760 1421 absoluat
774 1382 930 1423 motu
952 1370 1207 1427 vniformi
1233 1375 1368 1428 intra
1382 1377 1638 1431 minutum
1664 1377 1838 1436 secun-

172 1468 296 1524 dum
309 1467 529 1543 spatium
538 1463 845 1541 expressum
857 1487 952 1543 per
967 1488 1036 1528 na
1051 1516 1064 1542 ‚
1077 1473 1354 1529 refistentia
1369 1467 1615 1568 fitznff'
1623 1474 1733 1551 (vbi
1742 1499 1842 1553 per

159 1592 200 1659 p
234 1578 539 1649 intelligitur
586 1582 796 1652 pondus
846 1582 1074 1654 cylindri
1110 1584 1262 1639 fluidi
1299 1586 1454 1641 datae
1489 1588 1842 1663 cuiuscunque

168 1668 504 1740 longitudinis
547 1683 581 1722 cz
607 1704 622 1735 ,
672 1680 824 1740 atque
849 1670 1138 1724 cuiusbafis
1161 1672 1232 1725 est
1259 1671 1558 1742 superficies
1599 1677 1679 1730 cui
1708 1678 1833 1732 flui-

170 1759 303 1814 dum
329 1755 587 1828 impingit
612 1767 666 1811 et
689 1773 716 1809 s
739 1756 968 1829 designat
1000 1755 1244 1826 spatium,
1290 1759 1435 1829 quod
1466 1775 1661 1832 corpus
1689 1762 1829 1819 libe-

168 1862 229 1900 re
249 1841 494 1900 cadendo
515 1843 567 1897 in
582 1860 754 1898 vacuo
776 1861 803 1897 a
818 1845 991 1915 quiete
1014 1844 1230 1915 perficit
1253 1844 1388 1899 intra
1404 1847 1529 1901 min.
1552 1845 1696 1916 sec.).
1723 1849 1836 1907 As-

165 1931 468 1989 filmamusa
495 1929 771 2004 designare
794 1929 1093 1986 mensuram
1119 1932 1266 1986 vnius
1287 1932 1409 2002 ped.
1440 1929 1612 2003 Angl.
1657 1949 1706 1991 et
1732 1939 1834 1994 erit:

170 2029 445 2086 resistentia
462 2014 577 2118 ’ξπ-ξ,
612 2040 665 2082 et
690 2019 854 2101 quia'n
879 2025 1135 2097 exprimit
1163 2024 1526 2095 velocitatem,
1557 2026 1633 2082 est
1650 2046 1837 2086 nume-

171 2147 251 2187 rus
296 2132 672 2204 multiplicatus
698 2147 819 2187 cum
851 2132 1111 2204 quadrato
1139 2131 1445 2186 velocitatis
1483 2122 1579 2222 ἐξ
1629 2138 1773 2207 quod
1794 2138 1832 2194 fi

175 2241 337 2287 autem
361 2231 646 2287 refistentia
668 2230 719 2284 in
741 2231 968 2302 globum
989 2228 1223 2285 sumatur
1238 2273 1253 2300 ‚
1306 2231 1402 2285 erit
1417 2229 1558 2284 idem
1584 2250 1835 2292 numerus

178 2331 328 2406 duplo
351 2336 638 2404 minor7seu
665 2323 719 2416 ξς
737 2334 777 2411 ,ζ
787 2335 869 2390 vel
891 2331 1151 2407 ponendo
1177 2348 1282 2404 pro
1300 2348 1328 2386 s
1363 2327 1831 2411 16—3-ped.Angl.)

175 2442 398 2521 -r-s93-5P·
488 2443 543 2503 Si
583 2446 715 2501 loco
748 2446 899 2519 ipsius
925 2456 964 2521 p
1000 2445 1302 2500 denotantis
1337 2444 1556 2519 pondus
1605 2449 1832 2520 cylindri

184 2527 318 2583 fluidi
339 2532 673 2607 longitudinis
692 2535 843 2589 vnius
865 2534 1033 2607 pediS,
1061 2534 1204 2610 cuius
1230 2531 1362 2588 bafis
1381 2529 1454 2584 est
1482 2536 1711 2606 aequalis
1737 2539 1831 2592 cir-

185 2612 293 2666 culo
323 2621 552 2677 maximo
581 2620 767 2696 globi,
797 2620 1020 2675 velimus
1048 2620 1385 2676 introducere
1408 2620 1618 2691 pondus
1655 2622 1822 2691 fluidi,

915 2703 953 2766 S
976 2723 999 2761 s
1038 2718 1075 2761 2
1682 2713 1826 2766 cuius
