2393 3590
618 139 653 184 2
673 122 744 200 56
794 110 797 126 ’
1123 118 1235 177 DE
1323 116 1694 178 TVBVLIS

625 296 723 349 „re
770 295 828 333 ea
862 274 1153 331 viscofitate
1186 273 1418 346 respestu
1433 275 1578 343 vitri,
1593 275 1801 350 eiusque
1836 274 2042 348 insuper
2066 279 2288 351 aequin*

619 364 828 436 „brium
853 364 1056 417 retundi
1084 363 1150 416 ab
1180 362 1406 431 angustia
1427 361 1622 418 fistulae
1646 364 1869 418 minoris
1892 365 2152 436 3ideoque
2180 368 2281 422 mi-

619 470 752 522 „nus
793 451 894 505 alte
926 449 1096 522 ipsum
1128 452 1184 505 in
1210 449 1412 516 fistulis,
1455 464 1612 520 quam
1652 450 1704 501 in
1732 446 1904 519 spatiis
1933 450 2048 507 latis
2073 445 2277 514 eleuari,

619 538 719 594 Ista
742 538 847 593 loc.
874 539 960 592 cit.

775 625 1005 683 XXIV.
1095 624 1290 678 Eamus
1329 636 1428 691 per
1462 618 1674 690 fingula.
1780 617 1918 677 Vult
1960 638 2146 695 aquam
2181 622 2283 680 effe

612 709 864 766 viscosum
895 708 955 765 V
947 711 1100 781 offas,
1143 721 1197 761 et
1224 705 1515 762 adhaerere
1538 708 1682 762 vitro
1708 725 1721 762 z
1743 705 1810 760 fic
1836 707 1997 780 vulgo
2020 709 2281 773 videmUS.

615 793 755 853 Vult
776 794 1008 851 sustineri
1035 794 1100 850 ab
1127 794 1346 862 eodem,
1382 807 1436 849 et
1472 809 1692 865 grauate
1725 794 1943 854 vitrum.
2031 792 2164 852 Hoc
2194 815 2283 854 ve-

615 900 686 937 ro
711 883 783 937 est
806 925 820 951 ,
877 882 1026 954 quo-d
1056 881 1204 936 multi
1241 895 1445 955 negant.
1534 878 1685 953 Quos
1701 881 1949 937 hadienus
1974 883 2282 956 audiuimu5‚

615 985 728 1025 non
754 985 782 1023 a
806 970 949 1023 vitro
974 985 1167 1040 aquam
1192 966 1498 1039 suspendunt
1522 1011 1536 1037 ‚
1569 968 1657 1022 sed
1689 967 1965 1024 mediante
1998 970 2168 1026 fluido
2193 988 2283 1027 ex„

616 1068 776 1111 terno
825 1056 1103 1111 sustentant
1141 1056 1192 1107 in
1239 1056 1402 1114 vitro.
1512 1054 1662 1132 Quid
1697 1071 1831 1128 ergo
1867 1051 1891 1109 ἓ
1930 1052 2286 1114 Examinetur

615 1143 844 1214 quaestio
886 1141 952 1196 ad
975 1139 1236 1195 bilmzcem.
1345 1138 1429 1196 Sic
1463 1140 1618 1194 facile
1658 1142 1816 1196 cuiuis
1850 1143 2114 1200 videbitur
2142 1180 2158 1213 ‚
2195 1143 2287 1199 sal-

617 1243 727 1283 tem
753 1228 932 1300 primo
980 1227 1179 1282 intuitu
1279 1222 1499 1295 Accipe
1535 1226 1700 1293 igitur
1731 1267 1746 1294 ,
1791 1228 1915 1297 quid
1940 1232 2140 1302 gestum
2164 1220 2282 1285 sit?

614 1315 708 1370 Est
737 1312 796 1369 V
791 1315 844 1367 ir
877 1315 1089 1368 eximius
1111 1352 1127 1378 ‚
1161 1310 1240 1380 qui
1265 1309 1593 1365 adhaesionis
1616 1310 1760 1365 istius
1781 1313 2057 1368 veritatem
2079 1333 2286 1389 cogno-

616 1399 762 1456 scere
796 1417 865 1454 ex
900 1397 1067 1452 tubuli
1103 1411 1232 1465 aqua
1267 1394 1350 1451 sua
1387 1396 1615 1453 instrursti
1647 1395 1892 1469 pondere
1931 1400 2152 1457 instituit
2183 1402 2288 1458 hac

615 1486 891 1541 methodo.
975 1481 1255 1537 Tubulum
1293 1482 1511 1554 superne
1549 1499 1669 1537 cera
1707 1482 2040 1553 obturatum,
2081 1503 2147 1539 ne
2184 1487 2284 1542 scil.

617 1572 819 1645 ingredi
844 1586 940 1641 per
960 1567 1167 1623 inferius
1194 1570 1464 1625 orificium
1489 1586 1618 1641 aqua
1648 1568 1830 1640 possit,
1856 1571 2099 1624 nonnihil
2125 1588 2287 1640 aquae

610 1655 919 1713 immersum
933 1656 1148 1710 reduxit
1161 1671 1284 1712 cum
1298 1655 1700 1728 contrapondio
1718 1655 1784 1709 ad
1798 1653 2168 1725 aequilibrium:
2181 1654 2286 1713 Re-

615 1757 766 1802 mota
800 1756 978 1800 autem
1012 1760 1155 1812 cera,
1197 1757 1250 1799 et
1269 1746 1320 1799 in
1350 1744 1560 1800 lancem
1587 1757 1884 1815 congruam
1909 1740 2164 1816 reposita,
2186 1743 2286 1798 ele-

615 1845 731 1888 uata
759 1832 834 1887 est
860 1831 912 1884 in
944 1831 1183 1885 tubulum
1223 1845 1377 1886 antea
1408 1829 1690 1886 humidum
1720 1847 1878 1901 aqua,
1912 1841 1966 1883 et
1990 1827 2198 1899 pondus
2224 1829 2286 1884 fi-
2315 1854 2317 1856 ·

616 1919 778 1974 stulae
811 1920 1024 1974 anetum.
1121 1916 1186 1972 Id
1223 1917 1380 1974 solers
1417 1918 1696 1986 indagator
1749 1917 2129 1988 expee'cauerat
2162 1958 2176 1985 ‚
2221 1908 2287 1972 eo

619 2007 833 2079 quidem
870 2005 1084 2060 consilio
1118 2046 1132 2072 ‚
1171 2019 1231 2059 vt
1268 2024 1338 2061 ex
1375 2008 1524 2062 audio
1562 2004 1802 2075 pondere
1833 2002 2197 2058 adhaefionem
2230 2021 2280 2057 a·

619 2110 755 2165 quae
790 2108 839 2148 et
878 2091 1264 2165 suspensionem
1304 2112 1332 2148 a
1371 2095 1513 2148 vitro
1554 2091 1917 2163 cognosceret.
2015 2082 2283 2144 Animad-

617 2182 780 2236 uertit
808 2192 987 2234 autem
1011 2216 1025 2247 ‚
1074 2196 1129 2233 re
1154 2179 1325 2234 denuo
1351 2175 1577 2251 expensa
1604 2213 1617 2243 ,
1646 2174 1868 2229 nihilhic
1895 2172 2289 2246 concludipos-

618 2267 683 2322 se.
769 2267 1010 2322 Tubulus
1044 2262 1419 2322 enimclausus
1454 2275 1569 2318 ante
1592 2262 1868 2329 ingressum
1896 2277 2064 2331 aquae,
2082 2272 2288 2316 tantum

624 2373 652 2407 a
680 2357 920 2424 pondere
961 2354 1050 2407 suo
1088 2352 1388 2421 perdiderat
1419 2392 1432 2415 ‚
1475 2361 1726 2418 quantum
1767 2364 1924 2418 aqua,
1988 2347 2212 2418 spatium
2256 2366 2286 2404 a

625 2439 812 2492 eubulo
835 2452 885 2491 et
916 2440 1125 2492 cauit-ate
1144 2438 1245 2490 eius
1268 2433 1528 2488 submersa
1550 2448 1873 2505 occupatum
1900 2450 2287 2506 aequanS‚pon-

629 2528 931 2580 desciuerat:
959 2521 1046 2575 sed
1076 2535 1267 2591 aperto
1290 2518 1546 2591 superiori
1570 2521 1780 2575 orificio
1805 2533 1855 2574 et
1888 2518 2110 2590 ingressa
2135 2522 2187 2575 in
2228 2522 2291 2576 fi-

626 2612 807 2666 stulam
833 2625 976 2679 aqua,
994 2608 1222 2679 perdidit
1246 2606 1414 2661 solum
1437 2623 1540 2680 pro
1563 2607 1722 2662 masth
1747 2606 1899 2676 ipsius
1921 2605 2102 2659 tubuli.
2191 2606 2290 2663 Ita.

628 2715 726 2769 que
750 2697 957 2751 austum
980 2695 1147 2749 videri
1172 2694 1349 2748 debuit
1373 2694 1577 2767 pondus·
1604 2693 1797 2749 fistulae
1813 2735 1826 2760 ,
1854 2694 2014 2748 etiam
2040 2693 2290 2766 indepen-

2165 2781 2289 2835 den-
