2393 3590
102 279 179 336 sas
216 275 441 349 species,
491 266 1009 326 communicationes
1030 311 1045 338 ‚
1079 265 1208 323 retia
1243 307 1257 335 ‚
1289 265 1628 321 excursiones
1661 287 1765 340 per

107 366 275 422 varias
311 362 561 434 regiones
597 355 747 427 peni-s
785 392 800 423 ,
865 355 1454 425 conformationemque
1501 356 1763 409 internam

103 462 448 508 externamue
472 479 487 510 ‚
544 458 677 515 quae
721 442 903 497 omnia
939 459 1057 498 cum
1088 443 1142 496 in
1168 441 1410 510 homine,
1442 454 1558 496 tum
1581 454 1760 496 caete-

106 538 183 593 ris
210 529 558 591 animantibus
580 526 888 584 difficilioris
912 530 1168 603 indaginis
1193 525 1294 583 effe
1310 539 1653 601 compertum
1673 527 1763 583 est.

107 622 292 680 Totus
314 619 489 692 penis,
519 615 757 672 detrastis
780 615 1121 672 solummodo
1157 617 1441 671 inuolucris
1476 616 1771 671 communi-

107 710 224 776 buS,
251 708 354 763 hoc
378 704 477 771 est,
508 716 625 758 cute
645 743 659 771 ‚
684 704 966 774 panniculo
1004 718 1057 760 et
1087 702 1405 758 membrana
1434 704 1648 775 adipola
1671 745 1685 770 ‚
1713 704 1769 756 in
1802 707 2009 766 Vasam-

116 808 260 850 crate
295 794 372 849 seu
400 790 621 846 reticulo
657 789 784 845 vasis
822 791 1111 846 innumeris
1153 790 1448 864 peramplis
1473 789 1765 846 incredibili
1805 773 2037 868 {ewafia-

112 881 342 937 artificio
374 877 634 932 contextis
660 876 945 942 exstrustm
980 895 1042 932 ac
1071 876 1224 949 super
1248 875 1542 932 vniuersum
1571 895 1765 951 penem
1804 857 2025 965 χ’ἑῖῗζῑιῗ

113 967 349 1023 omnibus
371 963 465 1020 suis
489 960 725 1039 partibus
743 961 1052 1018 instruitum
1080 963 1312 1034 expanso
1338 979 1449 1019 tam
1479 965 1651 1022 stricte
1684 966 1762 1020 in·
1802 956 1951 1029 ηιένιις,
1973 974 2038 1018 ‹li-

116 1051 272 1110 clusus
294 1051 463 1122 est,vt
483 1067 611 1125 pJae
636 1047 748 1120 ipso
769 1049 835 1103 ad
863 1061 1042 1120 partes
1086 1048 1336 1103 subiectas
1372 1053 1512 1105 viam
1543 1049 1625 1107 seu
1663 1052 1767 1106 adi·
1802 1045 2008 1090 visiones.

115 1156 219 1196 tum
248 1137 479 1194 inuenire
514 1133 831 1209 impoffibile
869 1135 944 1193 fit.
1043 1133 1238 1192 Hocce
1276 1148 1446 1190 autem
1472 1137 1772 1206 speetaculo

110 1228 180 1281 nil
203 1224 467 1299 pulchrius
496 1240 555 1277 ac
583 1224 869 1296 elegantius
891 1223 940 1275 in
969 1221 1140 1276 hocce
1165 1236 1357 1290 genere
1384 1222 1666 1294 imaginari
1694 1224 1771 1278 fas

110 1313 197 1367 est.
281 1312 439 1370 Cuius
467 1310 718 1367 formatio
748 1309 863 1362 talis
888 1308 1026 1362 mihi
1062 1309 1238 1362 oblata
1274 1305 1369 1363 fuit
1394 1331 1406 1379 '⁷
1434 1309 1521 1365 Ex
1537 1324 1771 1382 Vtroque
1901 1341 1941 1375 et

113 1397 277 1452 balani
299 1399 459 1451 latere
471 1398 678 1466 eiusque
703 1394 985 1468 spongiosa
1006 1395 1087 1451 seu
1104 1397 1340 1450 interiori
1365 1394 1775 1467 substantia‚tres

117 1497 385 1557 quatuor-ue
411 1483 734 1554 propagines
755 1518 768 1549 ‚
786 1481 1076 1538 mediocris
1105 1483 1224 1554 styli
1253 1484 1641 1557 magnitudine,
1686 1485 1766 1540 di-

122 1571 317 1626 stinc'tae
354 1584 613 1641 apparere
653 1569 918 1641 incipiunt
943 1613 958 1639 ,
991 1587 1121 1642 quae
1140 1587 1278 1623 mox
1313 1588 1487 1643 prope
1525 1572 1768 1628 balanum

123 1657 176 1711 in
203 1657 317 1711 duas
339 1655 563 1728 insignes
583 1672 740 1710 venas
761 1657 929 1729 digito
955 1658 1188 1711 minimo
1205 1659 1441 1735 aequales
1473 1672 1775 1714 commuta-

124 1743 314 1798 bantur.
393 1742 542 1800 Haec
571 1745 749 1814 itaque
771 1757 996 1815 quatuor
1011 1742 1148 1809 vasa,
1167 1743 1230 1796 acl
1256 1744 1419 1799 latera
1440 1747 1586 1814 penis
1608 1747 1661 1798 in
1685 1745 1763 1799 di-

126 1829 290 1884 stantia
343 1828 549 1902 pollicis
591 1848 619 1884 a
671 1829 718 1883 se
760 1831 994 1885 inuicem
1054 1830 1300 1901 dispofita
1335 1874 1349 1899 ,
1406 1829 1632 1903 praefati
1682 1850 1765 1886 re-

120 1916 254 1970 ticuli
277 1915 619 1984 firmamenta,
641 1930 695 1970 et
719 1916 873 1972 veluti
910 1931 1132 1989 quatuor
1176 1919 1447 1986 angulares
1484 1919 1776 1987 columnaS‚

123 1999 327 2075 (quibus
369 2017 570 2060 textura
625 2004 824 2076 reliqua
872 2003 1143 2059 vascularis
1180 2003 1331 2075 super
1386 2018 1564 2060 totum
1615 2008 1768 2076 penis

126 2088 368 2144 ambitum
391 2088 924 2166 expansa‚interiec'ta
951 2105 1002 2146 et
1027 2091 1238 2145 firmata
1266 2093 1388 2159 est),
1425 2094 1763 2147 constituunt:

126 2171 345 2230 Nonnisi
374 2193 501 2232 vero
539 2176 600 2233 ad
627 2191 828 2233 certam
852 2179 1180 2234 altitudinem
1207 2177 1340 2243 (fere
1371 2180 1570 2232 dimidii
1596 2182 1768 2252 pedis)

128 2259 253 2313 tales
277 2264 439 2316 trunci
459 2265 670 2322 distincti
691 2279 925 2330 manent,
963 2280 1018 2321 et
1044 2283 1070 2319 a
1096 2264 1363 2320 subtiliore
1394 2267 1667 2320 interiecto
1690 2284 1772 2320 re-

129 2359 182 2399 te
205 2361 293 2399 eos
322 2349 617 2416 dignoscere
638 2352 790 2407 licet:
815 2349 971 2408 Nam
998 2356 1123 2408 dum
1152 2354 1271 2407 iliud
1309 2352 1496 2408 sursum
1529 2353 1771 2422 ascendit,

129 2432 256 2485 adeo
290 2435 522 2491 increscit
567 2449 672 2493 tum
709 2458 958 2503 numerus
983 2483 997 2508 ,
1030 2454 1139 2494 tum
1167 2443 1506 2513 magnitudO,
1548 2456 1659 2494 tum
1684 2459 1774 2495 va-

128 2518 272 2572 rietas
311 2521 645 2579 direfflonum
698 2525 952 2582 vasorum
985 2527 1340 2583 reticularium
1383 2570 1395 2596 ‚
1445 2542 1502 2582 vt
1545 2543 1770 2599 quatuor

128 2601 343 2673 praefati
376 2612 532 2665 trunci
556 2613 894 2681 tumescant,
929 2610 1259 2686 discernique
1297 2615 1517 2685 amplius
1546 2616 1773 2669 minime

131 2701 314 2760 queant
345 2732 359 2760 2
399 2693 452 2749 id
473 2697 611 2772 quod
642 2700 778 2758 circa
812 2702 1042 2755 medium
1074 2702 1230 2771 penis
1257 2703 1548 2775 praecipue
1592 2702 1770 2758 obser-

868 2779 917 2841 (Σ
938 2804 962 2842 c
975 2803 1003 2841 c
1054 2801 1086 2868 3
1603 2803 1774 2850 vatur.

1804 1617 1827 1664 I
1831 1622 1983 1677 nceffiaes
