2393 3590
307 486 339 515 31*
385 504 388 509 -

307 521 317 532 .,
345 503 402 544 ff„

561 159 687 221 2¹7&
1092 143 1200 201 1ρῈ
1292 139 1485 198 ‘iis‘ffl
1524 140 1650 197 Lis
2390 211 2393 240 ἱ

561 304 888 359 collaterales
924 319 1085 374 aquae
1151 299 1479 355 columdllae,
1569 298 1752 368 Itaque
1786 297 1849 352 ab
1886 294 2025 353 hisce
2060 316 2215 372 prae·
2391 244 2393 295 4

564 392 852 448 ualentibus
890 391 1134 444 elau-atur.
1237 384 1311 440 Sit
1343 382 1456 439 AB
1480 384 1775 453 superficies
1800 387 2063 442 verticalis
2108 407 2123 459 3
2175 399 2228 442 et

577 495 770 548 corpus
805 476 1158 549 quodcunque
1193 471 1301 532 FD
1337 488 1439 525 vna
1482 468 1552 523 fiii
1602 472 1942 525 extremitate
1982 473 2225 530 innitatur

568 567 766 638 puncto
791 564 846 619 D
880 582 894 635 3
936 559 1015 615 Sit
1041 555 1091 614 C
1112 564 1220 615 eius
1249 572 1484 612 centrum
1512 556 1778 626 grauitatis
1802 575 1814 610 ε
1839 570 2039 613 certum
2066 561 2156 630 est,
2188 559 2227 615 si

564 653 670 709 hoc
715 667 916 721 corpus
939 649 1131 702 debeat
1149 645 1414 701 sustentari
1433 643 1483 696 in
1506 644 1701 715 punito
1730 636 1781 696 F
1810 658 1904 714 per
1928 648 2227 716 potentiam

563 752 929 811 quamcunque
951 751 988 788 x
1018 776 1033 803 ,
1076 734 1195 788 fore
1229 725 1344 787 DF
1374 730 1437 783 ad
1463 726 1606 799 DC,
1637 729 1712 784 vti
1748 730 1821 785 est
1856 732 2084 804 grauitas
2110 749 2229 788 cor-

562 827 719 896 poris
735 815 901 879 DCF
932 816 1179 875 deorsum
1202 819 1398 886 nitens,
1440 817 1507 872 ad
1559 816 1853 888 potentiam
1878 817 2227 889 praedictam,

560 911 641 966 Ita
672 912 826 979 igitur
862 905 1143 980 particulae
1182 921 1377 977 aqueae
1404 906 1550 959 vitro
1579 904 1859 976 proximae
1893 904 2232 960 sustentantur

561 1013 632 1052 ex
658 1008 810 1068 parte
833 1010 861 1048 a
893 993 1101 1048 fistulae
1123 992 1563 1061 lateribusmeque
1588 1003 1696 1044 tota
1722 990 1803 1045 sua
1818 992 1875 1045 vi
1891 1004 2102 1065 granant
2125 989 2236 1045 fun-

561 1083 688 1139 dum
719 1082 848 1137 vasis
876 1097 888 1132 :
923 1081 1077 1152 igitur
1100 1078 1382 1133 eleuantur
1407 1095 1435 1132 a
1459 1076 1758 1133 lateralibus
1794 1079 2055 1133 columnis
2089 1091 2228 1133 tam-

567 1171 656 1225 diu
684 1213 697 1237 ,
733 1169 908 1222 donec
936 1164 1157 1220 altitudo
1187 1165 1399 1231 reddat,
1443 1164 1591 1234 quod
1615 1180 1709 1234 per
1739 1163 2109 1220 adhaesionem
2139 1164 2227 1220 de-

568 1255 746 1324 cessit,
781 1266 933 1325 atque
955 1253 1089 1306 adeo
1118 1252 1306 1304 iterum
1334 1260 1576 1315 emergat
1602 1248 1977 1318 aequilibrium.

728 1338 921 1396 Tertio
952 1354 1020 1391 ex
1042 1333 1177 1390 hisce
1216 1333 1491 1407 principiis
1524 1330 1734 1388 resoluit
1769 1336 2093 1406 quaestiones
2115 1337 2241 1394 huic

570 1438 881 1497 argumento
909 1437 1192 1475 connexas.
1297 1416 1408 1475 Cur
1434 1434 1526 1473 non
1558 1416 1731 1473 eadem
1742 1421 1815 1495 fit
1834 1421 2044 1477 eleuatio
2071 1425 2126 1477 in
2144 1421 2234 1496 fic.

564 1513 774 1587 perficie
802 1507 962 1563 tubuli
998 1516 1211 1564 externa
1236 1551 1252 1577 ,
1307 1508 1388 1561 cui
1424 1522 1534 1560 non
1560 1506 1728 1560 minus
1755 1506 2040 1561 adhaerent
2065 1509 2233 1578 parti-

572 1601 716 1654 culae
738 1597 878 1651 vitro
906 1596 1186 1664 contiguae
1211 1590 1232 1646 ζ
1260 1593 1538 1671 Quoniam
1565 1593 1702 1645 intra
1725 1590 1910 1646 tubum
1934 1591 2037 1645 sese
2065 1602 2243 1645 mutuo

573 1685 855 1740 sustentant
885 1681 1182 1756 particulae
1211 1723 1225 1749 ‚
1271 1694 1421 1751 atque
1453 1678 1526 1733 fic
1560 1676 1836 1732 eleuationi
1863 1674 1976 1732 suae
2001 1676 2247 1732 auxilian-

574 1786 694 1830 tur:
723 1787 831 1825 non
857 1770 984 1824 item
1008 1780 1158 1823 extra
1199 1765 1438 1822 tubulum
1468 1785 1485 1833 ·‚
1533 1761 1628 1818 vbi
1658 1764 1850 1819 accidit
1876 1801 1891 1831 ‚
1936 1763 2080 1836 quod
2117 1765 2250 1817 intra

581 1859 874 1930 ampliores
896 1859 1050 1912 etiam
1074 1854 1234 1910 tubos
1259 1855 1376 1911 fieri
1398 1852 1660 1906 videmus.
1746 1848 1857 1905 Cur
1882 1852 1932 1905 in
1952 1849 2250 1923 graciliori-

582 1945 677 2002 bus
705 1944 865 2000 altior
891 1944 956 2017 efl
980 1959 1145 2018 aquae
1160 1940 1327 2015 supra
1351 1936 1576 1995 libellam
1614 1934 1864 1993 eleuatio?
1901 1938 2149 2010 quoniam
2178 1937 2253 1988 vis

579 2032 899 2090 adhaesionis
921 2029 1246 2085 mensuratur
1272 2047 1300 2084 a
1325 2025 1607 2099 superficie
1630 2026 1839 2080 interna
1862 2026 2173 2090 fistularum,
2197 2032 2252 2074 et

581 2119 863 2176 resistentia
902 2134 973 2172 ex
1005 2118 1250 2190 pondere
1300 2115 1672 2168 columnarum
1715 2127 1876 2180 aquae
1930 2121 2254 2175 contentae·‚

583 2205 702 2261 sunt
728 2221 903 2260 autem
928 2204 1027 2259 hae
1052 2206 1103 2256 in
1129 2206 1333 2258 ratione
1359 2202 1621 2271 duplicata
1648 2198 2029 2249 diametrorum
2053 2194 2245 2250 cauita-

591 2294 660 2348 tis
683 2335 698 2360 ‚
733 2292 856 2346 illae
887 2293 939 2344 in
975 2290 1196 2359 simplici
1228 2308 1243 2360 '⁷
1280 2291 1452 2356 itaque
1492 2279 1799 2351 superficies
1839 2281 2109 2351 amplioris
2148 2280 2262 2337 tubi

588 2381 763 2431 minor
801 2378 874 2429 est
909 2376 1148 2444 respectu
1172 2389 1334 2444 aquae
1361 2369 1502 2433 suae,
1532 2381 1586 2419 et
1607 2366 1788 2421 minor
1811 2368 1896 2421 vis
1919 2367 2260 2426 adhaesionis,

593 2460 938 2532 Curspiritus
963 2459 1066 2512 vini
1094 2495 1109 2525 ‚
1146 2460 1308 2511 leuior
1335 2471 1491 2524 aqua,
1539 2468 1630 2506 non
1654 2452 1882 2510 eleuatur
1894 2454 2074 2523 altius,
2100 2469 2275 2529 quam*

598 2561 731 2619 aqua
757 2540 778 2596 ,ἲ
809 2543 1083 2599 Credibile
1111 2544 1213 2607 est,
1255 2557 1420 2611 aquae
1449 2540 1713 2593 maiorem
1747 2537 1849 2593 effe
1880 2543 2173 2596 contactum
2201 2539 2264 2595 ad

601 2633 726 2685 vitri
749 2631 906 2686 latera
943 2665 959 2696 ‚
1008 2646 1169 2700 quam
1197 2628 1396 2700 spiritus
1425 2627 1571 2693 vini,
1609 2625 1695 2679 etsi
1716 2625 1954 2694 leuioris,
1978 2641 2032 2680 et
2062 2609 2265 2682 fortasse

605 2716 979 2775 diuisibilioriS.
1069 2714 1121 2772 Si
1149 2732 1177 2770 a
1204 2714 1468 2769 columnis
1489 2729 1648 2784 aquae
1675 2711 2064 2770 collateralibus
2090 2713 2259 2769 eleua-

2186 2812 2270 2854 tui·
