2393 3590
572 146 700 231 384
1124 228 1127 229 f
1176 139 1293 201 DE
1333 137 1564 202 PENE.

271 307 503 357 'rensionis
574 303 850 360 ducuntur.
937 293 1305 373 Quamobrem
1328 311 1434 351 non
1458 294 1525 352 ab
1551 293 1647 349 alia
1681 291 1847 364 causa‚
1865 312 2018 370 quam
2051 292 2118 352 ab
2146 293 2238 354 ista

271 378 391 436 penis
414 391 512 463 ‘⁶⁰¹⁴‘
574 390 798 447 mirabili
845 403 1136 444 neruorum
1162 383 1528 456 dispofitione,
1559 390 1738 432 totum
1769 384 2036 451 negotium
2088 384 2251 456 penis

263 443 520 554 {Zrcfffigna-
573 479 871 535 tensionem
894 471 1386 547 spe6ta115‚pendere
1407 463 1738 521 manifestum
1763 465 1862 533 est,
1902 467 2101 542 absque
2123 486 2236 526 mu-

575 564 849 620 sculorum
874 559 1228 614 attollentium
1263 554 1351 609 seu
1381 553 1682 609 ereetorum
1705 552 2030 623 ministeri0‚
2071 557 2146 611 vti
2165 554 2239 611 su-

572 667 674 725 pra
695 649 959 704 diximus:
992 638 1147 699 Nam
1173 655 1381 698 certum
1400 640 1476 695 est
1490 682 1504 709 ,
1527 637 1669 713 quod
1695 638 1750 694 in
1770 638 1878 695 hoc
1900 637 2015 696 casu
2028 638 2239 701 Natura

572 735 691 792 vasa
723 733 1000 804 {anguinea
1038 732 1179 785 intra
1212 742 1439 785 nerueos
1470 726 1734 783 cancell-os
1756 726 1989 783 minime
2013 726 2243 784 inclusis*-

574 823 649 878 set
664 858 681 890 ,
713 823 766 876 in
788 819 969 892 quibus
994 817 1194 874 necesse
1217 816 1291 871 est
1315 856 1331 885 ‚
1367 828 1426 871 vt
1464 815 1532 871 ad
1567 813 1828 888 quoslibet
1856 831 2139 872 neruorum
2161 814 2238 872 in·-

576 909 937 982 vigorationes
960 905 1183 973 cedant,
1221 902 1445 975 hincque
1466 904 1552 958 via
1575 901 1823 972 sanguinis
1839 899 1891 956 in
1915 899 2240 975 corporibus

573 1010 768 1051 nerueo
806 990 1117 1066 spongiofiS,
1139 1007 1236 1063 per
1258 988 1637 1045 viciffitudines
1669 988 1844 1043 libera
1873 988 1960 1043 vel
1985 987 2241 1061 impedita

572 1081 663 1152 fit,
692 1094 857 1156 prout
877 1080 1026 1135 huius
1047 1077 1366 1133 luculentum
1392 1075 1707 1142 exemplum
1731 1077 1784 1132 in
1821 1071 1992 1131 Liene
2017 1074 2245 1153 prostat,

577 1168 646 1226 de
670 1170 810 1226 cuius
829 1166 920 1222 vsu
941 1163 1230 1238 aliquando
1249 1163 1494 1234 loquendi
1519 1161 1726 1217 occasio
1754 1161 1984 1224 dabitur.

276 1283 508 1330 Nemeorum
734 1250 900 1309 Hisce
922 1290 938 1321 ,
974 1267 1103 1325 quae
1130 1250 1196 1303 de
1219 1243 1426 1301 Neruis
1449 1247 1517 1302 ad
1536 1263 1736 1320 penem
1757 1246 2116 1319 spectantibus,
2135 1263 2243 1323 pro

280 1351 463 1394 interior
573 1340 783 1404 instituti
811 1341 1025 1395 ratione
1070 1344 1288 1388 exarata
1333 1332 1441 1389 sunt
1484 1376 1501 1403 ,
1556 1333 1871 1388 relationem
1917 1333 2243 1391 obseruatio-

270 1415 479 1490 praesia-ra
590 1447 715 1484 num
749 1421 1241 1495 Nevrologicarum
1279 1438 1296 1493 3
1345 1420 1429 1475 seu
1471 1421 1751 1478 structurae
1812 1435 2108 1476 neruorum
2157 1421 2238 1476 in.

279 1489 522 1541 mquzrztur.
578 1515 757 1580 timae,
770 1522 934 1583 prout
947 1509 996 1563 in
1016 1508 1271 1564 maximis
1298 1506 1577 1579 Elephanti
1603 1506 1779 1562 neruis
1802 1541 1819 1574 ,
1851 1521 1913 1561 ea
1942 1505 2242 1562 constanter

580 1599 705 1655 mihi
732 1597 913 1653 oblata
935 1595 1035 1665 est,
1070 1593 1485 1667 descriptionem
1523 1593 1777 1663 subiungo
1800 1631 1817 1659 ‚
1868 1607 2094 1665 eamque
2117 1626 2135 1660 ‚
2185 1602 2247 1647 vt

578 1685 753 1758 spem,
778 1684 951 1740 errori
977 1684 1146 1738 minus
1163 1680 1466 1736 obnoxiam
1491 1722 1507 1750 ‚
1563 1681 1681 1752 quia
1717 1677 1893 1734 moles
1930 1678 2248 1733 filamento-

576 1789 699 1829 rum
728 1771 932 1842 insignis
965 1767 1146 1843 (selegi
1187 1769 1335 1824 enim
1371 1768 1493 1824 talia
1517 1809 1532 1835 ‚
1582 1782 1711 1839 quae
1737 1765 2002 1822 diametro
2024 1763 2244 1839 sesquili-

577 1876 710 1916 neae
734 1872 817 1915 aut
852 1858 1021 1912 lineae
1044 1855 1458 1930 respondebant)
1485 1853 1741 1925 fimulque
1763 1853 1998 1926 probitas
2022 1867 2076 1908 et
2095 1868 2247 1926 prae.²

581 1945 765 2002 stantia
784 1944 1253 2000 instrumentorum
1281 1943 1592 2015 opticorum
1618 1941 1891 2012 perspe&a
1927 1939 2038 1994 fuit.
2133 1934 2266 2007 At-K

581 2031 753 2087 tentio
785 2040 997 2104 quoque
1032 2030 1273 2084 maxima
1305 2026 1405 2082 fuit
1425 2069 1440 2094 ‚
1480 2040 1535 2082 vt
1561 2027 1613 2080 in
1637 2024 1966 2079 extractione
2005 2036 2092 2080 aut
2115 2024 2249 2081 rese-

572 2119 752 2176 &ione
772 2132 826 2173 et
847 2115 1185 2190 expositione
1204 2114 1381 2168 talium
1406 2112 1814 2179 filamentorum‚
1839 2126 1991 2181 quam
2026 2111 2251 2169 minima

578 2207 664 2262 vis
683 2202 974 2260 inferretur.
1061 2199 1238 2259 Nerui
1260 2211 1372 2253 tum
1399 2199 1573 2263 crudi,
1607 2209 1720 2251 tum
1750 2196 1910 2267 longa
1934 2200 2247 2253 maceratio-

584 2307 651 2346 ne
677 2291 906 2347 emolliti
933 2303 985 2345 et
1002 2289 1158 2344 laxati
1184 2288 1236 2341 in
1258 2286 1395 2342 hunc
1418 2284 1560 2339 vsum
1585 2283 1788 2346 vocati,
1884 2279 1976 2340 At
2013 2285 2067 2340 in
2091 2286 2246 2340 vtris-

586 2393 690 2447 que
726 2378 1090 2447 phaenomena
1118 2375 1306 2430 eadem
1344 2370 1617 2426 obseruata
1649 2368 1773 2426 sunt,
1886 2384 1932 2426 1.
1971 2367 2245 2428 Effluxum

584 2459 725 2516 fiicci
743 2476 827 2516 aut
845 2462 1104 2516 humoriS.
1195 2473 1255 2519 2.
1288 2457 1611 2514 Tenuiffima
1636 2456 1804 2517 filula.
1906 2471 1964 2529 3.
1998 2456 2251 2513 Tubulo-

587 2546 696 2603 sam
725 2546 1028 2602 structuram
1055 2544 1332 2601 obseruare
1354 2561 1613 2616 nunquam
1648 2542 1790 2597 valui
1818 2583 1832 2610 ,
1862 2543 1953 2597 etsi
1986 2542 2246 2599 sectiones

587 2634 825 2705 optimae
866 2632 1070 2688 fuerint.
1157 2645 1221 2709 4.
1259 2626 1460 2685 Neruo
1497 2629 1829 2685 transuerfim
1862 2627 2001 2685 sesto
2033 2628 2249 2703 superfi-

591 2720 734 2776 ciem
763 2718 1110 2784 medullarem
1137 2716 1411 2775 obseruaui
1439 2755 1456 2790 ,
1493 2718 1546 2774 in
1570 2732 1672 2789 qua
1710 2717 2049 2789 inaequalitas
2079 2715 2248 2774 veluti

2130 2804 2243 2879 plu-
