2393 3590
632 200 643 212 ,
738 168 1358 242 ILLVSTRATVS.
1761 186 1897 270 469

235 338 467 398 exercitu
495 329 749 407 ingreffus
785 332 942 388 vrbes
973 315 1176 399 p’artem
1213 330 1518 403 deditione,
1556 348 1769 407 partem
1794 359 1890 415 pu„

230 426 436 498 gnando
478 423 528 477 in
564 419 883 493 potestatem
922 419 1172 491 accepit,
1219 418 1423 478 Lariffa
1461 423 1639 479 frustra
1673 425 1890 498 obsessa,

225 507 443 583 Gyrton
470 525 537 562 ne
575 507 737 579 petita
770 506 980 577 quidem
1012 524 1042 560 e
1079 507 1261 562 vicino
1289 511 1467 565 armis,
1497 507 1588 587 (9)
1671 513 1757 568 Ex
1784 530 1896 586 quo

226 598 450 669 intelligi
485 594 656 664 potest
676 633 691 660 ‚
730 591 927 648 vrbem
960 592 1105 648 fuisse
1127 593 1541 659 munitiffimam,
1630 598 1782 658 Nam
1805 614 1882 657 et-

227 687 336 739 iam
359 679 723 748 Perseus‚cum
751 677 1035 735 Theflalos
1060 680 1126 735 ad
1161 680 1467 739 societatem
1498 685 1626 741 belli
1654 688 1892 745 aduersus

227 766 502 825 Romanos
523 764 674 820 armis
697 780 943 836 cogeret,
977 767 1263 841 Mylasque
1285 772 1572 829 moenibus
1583 773 1889 832 firmiffimis

228 860 279 913 vi
303 854 528 927 cepisset,
559 868 669 905 non
696 853 838 908 ausus
862 855 934 908 est
964 849 1276 926 Gyrtonem
1314 859 1369 912 in
1397 863 1706 934 propinquo
1730 863 1887 921 fitam

226 954 617 1011 tentare‚quam
641 937 713 992 T.
753 940 1011 996 Minucius
1044 941 1211 998 Rufus
1245 956 1298 999 et
1330 942 1566 1020 Hippias
1596 948 1880 1006 Theffalo-

221 1048 341 1087 rum
387 1038 597 1102 praetor
631 1041 792 1096 quam
821 1026 1081 1098 praefidio
1114 1028 1438 1088 intrauerunt.
1528 1040 1659 1104 (10)
1695 1037 1891 1095 Extre-

224 1133 370 1173 mum
442 1111 826 1168 beneficiorum
888 1108 939 1169 S.
1026 1105 1086 1163 Ρ.
1166 1113 1244 1189 Q.
1312 1117 1377 1174 R.
1462 1119 1517 1175 in
1582 1120 1826 1181 Graecos
1861 1162 1879 1195 ,

220 1203 433 1259 libertas
465 1200 853 1257 Macedonum.
941 1195 1065 1253 Post
1089 1214 1152 1252 ea
1174 1198 1309 1255 haud
1336 1202 1500 1277 longe
1533 1208 1600 1262 ab
1640 1223 1880 1269 extrema

161 1354 164 1358 ¹
219 1288 470 1347 seruitute
556 1280 888 1340 Graecorum
975 1284 1223 1340 conditio
1312 1287 1650 1363 discrepauit‚
1753 1297 1882 1356 Hoc

224 1375 349 1430 illud
412 1372 628 1445 spatium
690 1369 762 1427 est
817 1412 833 1440 ,
919 1386 1026 1443 quo
1087 1371 1312 1429 libertas
1376 1375 1755 1439 Thessalorum
1826 1400 1882 1440 et

221 1459 630 1535 Perrhaeborum
698 1456 928 1527 primum
996 1473 1025 1511 a
1083 1457 1343 1535 Philippo
1410 1463 1622 1524 firmata
1668 1507 1684 1538 ,
1763 1483 1878 1527 tum

217 1544 553 1618 nequidquam
589 1558 616 1595 a
647 1540 902 1614 Philippo
937 1542 1214 1601 Demetrii
1250 1548 1364 1604 filio
1402 1565 1453 1607 et
1495 1549 1782 1614 Antiocho
1829 1572 1884 1614 et

216 1629 363 1690 Perse
385 1629 587 1703 regibus
612 1640 898 1698 attentata,
929 1630 1188 1687 Romanis
1222 1651 1524 1708 opportuna
1565 1646 1878 1701 vindicanti-

218 1721 311 1776 bus
337 1753 353 1785 ,
396 1715 663 1790 postremo
701 1716 789 1771 sub
820 1717 1017 1773 initium
1054 1721 1520 1790 perturbationum
1545 1729 1598 1783 in
1625 1726 1873 1788 Romana

211 1804 473 1879 republica
510 1801 760 1873 oppressa
799 1804 888 1859 est.
980 1802 1210 1864 Artium
1248 1823 1423 1866 autern
1446 1812 1649 1870 illarum
1676 1861 1690 1886 ,
1739 1836 1875 1891 quae

212 1896 265 1949 in
291 1908 405 1948 aere
428 1891 681 1962 fingendo
699 1890 1022 1965 metalloque
1044 1894 1280 1950 versatae
1307 1896 1418 1952 sunt
1434 1935 1449 1965 ‚
1479 1900 1678 1958 summa
1704 1905 1875 1978 digni-

213 1997 289 2038 tas
324 1977 407 2034 sub
439 1975 737 2033 Alexandri
767 1978 1088 2035 Macedonis
1116 1995 1341 2039 aetatem
1378 1983 1488 2041 fuit.
1579 1988 1730 2048 Nam
1765 1992 1871 2049 Pli-

212 2067 317 2125 nius
341 2067 513 2122 auctor
538 2064 635 2133 est,
680 2063 770 2139 (1)
794 2067 910 2136 post
931 2063 1328 2141 Olympiadem
1355 2075 1693 2133 centefimam
1725 2081 1868 2135 vice-

211 2157 391 2213 fimam
426 2164 557 2208 artes
578 2169 663 2207 eas
695 2150 906 2207 cessaffe
932 2197 945 2222 ,
981 2157 1265 2212 centefima
1293 2173 1467 2216 autem
1494 2166 1856 2240 quinquagesi-

208 2258 294 2299 ma
316 2240 478 2311 quinta
502 2239 766 2310 reuixiffe,
810 2257 932 2296 cum
960 2255 1138 2298 tamen
1161 2245 1393 2302 artifices
1416 2249 1577 2318 fuere,
1603 2253 1701 2307 illis
1729 2291 1744 2322 ‚
1774 2254 1864 2327 qui

208 2339 355 2384 antea
375 2327 642 2395 viguerant
665 2371 679 2398 ,
732 2330 893 2399 longe
926 2330 1220 2386 inferiores
1305 2332 1409 2391 Hic
1436 2353 1626 2393 numus
1655 2353 1860 2398 tantum

203 2418 259 2471 in
282 2426 394 2468 arte
428 2413 581 2469 decus
608 2415 771 2472 seruat
796 2453 810 2485 ‚
858 2430 914 2472 vt
939 2418 1005 2474 ad
1029 2418 1175 2476 illam
1212 2419 1457 2493 priorem
1481 2425 1748 2484 artificum
1775 2449 1861 2488 ae-

207 2515 365 2560 tatem
389 2499 566 2558 reterri
584 2517 869 2563 mereatur.

872 2589 938 2648 N
952 2613 988 2649 n
1001 2613 1036 2650 n
1076 2611 1106 2670 3
1581 2602 1858 2666 VETVS

316 2671 391 2721 (9x
427 2669 585 2720 Liuius
607 2675 636 2723 l.
658 2674 899 2725 XXXVI.
920 2689 992 2726 10.
1063 2675 1337 2739 <102Liuius
1360 2678 1559 2730 1.XLII.
1579 2698 1655 2746 54.
1719 2688 1853 2754 (1)l²
1901 2691 1903 2694 ’
1933 2734 1938 2738 .

202 2730 443 2784 XXXIV.
466 2754 505 2786 c.
531 2748 570 2793 8.
