<?xml version="1.0" encoding="UTF-8"?>
<!DOCTYPE html PUBLIC "-//W3C//DTD XHTML 1.0 Transitional//EN"
    "http://www.w3.org/TR/xhtml1/DTD/xhtml1-transitional.dtd">
<html xmlns="http://www.w3.org/1999/xhtml" xml:lang="en" lang="en">
 <head>
  <title>
</title>
<meta http-equiv="Content-Type" content="text/html;charset=utf-8" />
  <meta name='ocr-system' content='tesseract 3.04.00' />
  <meta name='ocr-capabilities' content='ocr_page ocr_carea ocr_par ocr_line ocrx_word'/>
</head>
<body>
  <div class='ocr_page' id='page_1' title='image "./commentariiacade02impe_0506.png"; bbox 0 0 2393 3590; ppageno 0'>
   <div class='ocr_carea' id='block_1_1' title="bbox 563 151 1846 236">
    <p class='ocr_par' dir='ltr' id='par_1_1' title="bbox 563 151 1846 236">
     <span class='ocr_line' id='line_1_1' title="bbox 563 151 1846 236; baseline -0.006 -6"><span class='ocrx_word' id='word_1_1' title='bbox 563 166 702 236; x_wconf 79' lang='lat'>494</span> <span class='ocrx_word' id='word_1_2' title='bbox 985 151 1440 218; x_wconf 77' lang='lat' dir='ltr'><em>OBSERVAT.</em></span> <span class='ocrx_word' id='word_1_3' title='bbox 1477 152 1846 223; x_wconf 78' lang='lat' dir='ltr'><strong><em>ASTRON.</em></strong></span> 
     </span>
    </p>
   </div>
   <div class='ocr_carea' id='block_1_2' title="bbox 626 306 2219 475">
    <p class='ocr_par' dir='ltr' id='par_1_2' title="bbox 626 306 2219 475">
     <span class='ocr_line' id='line_1_2' title="bbox 661 306 2084 387; baseline -0.021 13"><span class='ocrx_word' id='word_1_4' title='bbox 661 323 819 387; x_wconf 81' lang='lat'>1729</span> <span class='ocrx_word' id='word_1_5' title='bbox 1083 306 1135 346; x_wconf 72' lang='lat'>¹³·</span> <span class='ocrx_word' id='word_1_6' title='bbox 1239 322 1248 343; x_wconf 65' lang='lat'><strong><em>¹</em></strong></span> <span class='ocrx_word' id='word_1_7' title='bbox 1339 324 1364 346; x_wconf 48' lang='lat' dir='ltr'>a</span> <span class='ocrx_word' id='word_1_8' title='bbox 1883 360 1894 371; x_wconf 89' lang='lat'><strong>.</strong></span> <span class='ocrx_word' id='word_1_9' title='bbox 1962 361 1972 373; x_wconf 92' lang='lat'><strong>.</strong></span> <span class='ocrx_word' id='word_1_10' title='bbox 2074 360 2084 374; x_wconf 87' lang='lat'><strong><em>.</em></strong></span> 
     </span>
     <span class='ocr_line' id='line_1_3' title="bbox 626 360 2219 475; baseline -0.009 -47"><span class='ocrx_word' id='word_1_11' title='bbox 626 396 816 475; x_wconf 40' lang='lat' dir='ltr'><strong>April·</strong></span> <span class='ocrx_word' id='word_1_12' title='bbox 930 379 1009 446; x_wconf 73' lang='lat'>14</span> <span class='ocrx_word' id='word_1_13' title='bbox 1064 377 1128 417; x_wconf 90' lang='lat'>11</span> <span class='ocrx_word' id='word_1_14' title='bbox 1185 372 1273 435; x_wconf 76' lang='lat'>24</span> <span class='ocrx_word' id='word_1_15' title='bbox 1334 374 1406 415; x_wconf 82' lang='lat'>12</span> <span class='ocrx_word' id='word_1_16' title='bbox 1537 360 1780 416; x_wconf 79' lang='lat' dir='ltr'>Emersso</span> <span class='ocrx_word' id='word_1_17' title='bbox 1816 378 1976 430; x_wconf 77' lang='lat' dir='ltr'>primi</span> <span class='ocrx_word' id='word_1_18' title='bbox 2015 362 2219 435; x_wconf 82' lang='lat' dir='ltr'>aliquot</span> 
     </span>
    </p>
   </div>
   <div class='ocr_carea' id='block_1_3' title="bbox 551 443 2220 2766">
    <p class='ocr_par' dir='ltr' id='par_1_3' title="bbox 926 443 2219 693">
     <span class='ocr_line' id='line_1_4' title="bbox 1449 443 2219 522; baseline 0.005 -23"><span class='ocrx_word' id='word_1_19' title='bbox 1449 443 1680 501; x_wconf 74' lang='lat' dir='ltr'>secundi-s</span> <span class='ocrx_word' id='word_1_20' title='bbox 1707 444 1877 499; x_wconf 84' lang='lat' dir='ltr'>dubia.</span> <span class='ocrx_word' id='word_1_21' title='bbox 1895 448 2023 503; x_wconf 90' lang='lat' dir='ltr'>tubo</span> <span class='ocrx_word' id='word_1_22' title='bbox 2051 464 2072 503; x_wconf 88' lang='lat'>1</span> <span class='ocrx_word' id='word_1_23' title='bbox 2092 463 2142 520; x_wconf 83' lang='lat'>3.</span> <span class='ocrx_word' id='word_1_24' title='bbox 2163 467 2219 522; x_wconf 84' lang='lat' dir='ltr'>p,</span> 
     </span>
     <span class='ocr_line' id='line_1_5' title="bbox 926 523 2213 612; baseline 0.008 -29"><span class='ocrx_word' id='word_1_25' title='bbox 926 552 1006 612; x_wconf 78' lang='lat'>30</span> <span class='ocrx_word' id='word_1_26' title='bbox 1056 548 1094 608; x_wconf 89' lang='lat'><strong>9</strong></span> <span class='ocrx_word' id='word_1_27' title='bbox 1184 523 1272 609; x_wconf 83' lang='lat'>46</span> <span class='ocrx_word' id='word_1_28' title='bbox 1364 545 1403 606; x_wconf 92' lang='lat'><em>9</em></span> <span class='ocrx_word' id='word_1_29' title='bbox 1536 533 1779 590; x_wconf 74' lang='lat' dir='ltr'>Emer-fio</span> <span class='ocrx_word' id='word_1_30' title='bbox 1793 534 2120 602; x_wconf 80' lang='lat' dir='ltr'>primi.tubo</span> <span class='ocrx_word' id='word_1_31' title='bbox 2146 547 2213 612; x_wconf 83' lang='lat'>15</span> 
     </span>
     <span class='ocr_line' id='line_1_6' title="bbox 1452 611 2067 693; baseline -0.002 -19"><span class='ocrx_word' id='word_1_32' title='bbox 1452 622 1672 693; x_wconf 82' lang='lat' dir='ltr'>pedum,</span> <span class='ocrx_word' id='word_1_33' title='bbox 1691 611 1835 671; x_wconf 90' lang='lat' dir='ltr'>Celo</span> <span class='ocrx_word' id='word_1_34' title='bbox 1860 616 2067 678; x_wconf 80' lang='lat' dir='ltr'>sereno,</span> 
     </span>
    </p>

    <p class='ocr_par' dir='ltr' id='par_1_4' title="bbox 658 702 2220 789">
     <span class='ocr_line' id='line_1_7' title="bbox 658 702 2220 789; baseline -0.004 -18"><span class='ocrx_word' id='word_1_35' title='bbox 658 713 807 772; x_wconf 83' lang='lat' dir='ltr'>Maii.</span> <span class='ocrx_word' id='word_1_36' title='bbox 965 724 1011 789; x_wconf 81' lang='lat'>4</span> <span class='ocrx_word' id='word_1_37' title='bbox 1066 719 1133 762; x_wconf 85' lang='lat'>11</span> <span class='ocrx_word' id='word_1_38' title='bbox 1235 702 1275 760; x_wconf 90' lang='lat'><strong>6</strong></span> <span class='ocrx_word' id='word_1_39' title='bbox 1363 721 1402 764; x_wconf 68' lang='grc' dir='ltr'>ρ</span> <span class='ocrx_word' id='word_1_40' title='bbox 1536 706 1778 763; x_wconf 86' lang='lat' dir='ltr'>Emerfio</span> <span class='ocrx_word' id='word_1_41' title='bbox 1809 706 1952 759; x_wconf 83' lang='lat' dir='ltr'>tertii</span> <span class='ocrx_word' id='word_1_42' title='bbox 1983 704 2220 782; x_wconf 78' lang='lat' dir='ltr'>tubisr3</span> 
     </span>
    </p>

    <p class='ocr_par' dir='ltr' id='par_1_5' title="bbox 551 795 2218 2680">
     <span class='ocr_line' id='line_1_8' title="bbox 1454 795 2133 869; baseline -0.001 -19"><span class='ocrx_word' id='word_1_43' title='bbox 1454 806 1506 850; x_wconf 90' lang='lat' dir='ltr'>et</span> <span class='ocrx_word' id='word_1_44' title='bbox 1541 808 1560 848; x_wconf 89' lang='lat'>1</span> <span class='ocrx_word' id='word_1_45' title='bbox 1583 807 1607 869; x_wconf 78' lang='lat'>5</span> <span class='ocrx_word' id='word_1_46' title='bbox 1629 795 1845 865; x_wconf 84' lang='lat' dir='ltr'>pedum.</span> <span class='ocrx_word' id='word_1_47' title='bbox 2130 802 2133 806; x_wconf 82' lang='grc'><strong>“</strong></span> 
     </span>
     <span class='ocr_line' id='line_1_9' title="bbox 708 877 2217 955; baseline -0.003 -14"><span class='ocrx_word' id='word_1_48' title='bbox 708 885 989 955; x_wconf 72' lang='lat' dir='ltr'>Pietasque</span> <span class='ocrx_word' id='word_1_49' title='bbox 1027 881 1215 937; x_wconf 87' lang='lat' dir='ltr'>harum</span> <span class='ocrx_word' id='word_1_50' title='bbox 1250 877 1688 937; x_wconf 79' lang='lat' dir='ltr'>observationum</span> <span class='ocrx_word' id='word_1_51' title='bbox 1720 892 1852 933; x_wconf 86' lang='lat' dir='ltr'>tutas</span> <span class='ocrx_word' id='word_1_52' title='bbox 1885 878 2112 950; x_wconf 89' lang='lat' dir='ltr'>praestiti</span> <span class='ocrx_word' id='word_1_53' title='bbox 2149 881 2217 938; x_wconf 86' lang='lat' dir='ltr'>ab</span> 
     </span>
     <span class='ocr_line' id='line_1_10' title="bbox 562 964 2217 1042; baseline -0.006 -15"><span class='ocrx_word' id='word_1_54' title='bbox 562 989 749 1028; x_wconf 82' lang='lat' dir='ltr'>errore</span> <span class='ocrx_word' id='word_1_55' title='bbox 772 972 860 1042; x_wconf 88' lang='lat' dir='ltr'>qui</span> <span class='ocrx_word' id='word_1_56' title='bbox 886 984 1267 1038; x_wconf 78' lang='lat' dir='ltr'>nonnunquam</span> <span class='ocrx_word' id='word_1_57' title='bbox 1289 984 1356 1022; x_wconf 87' lang='lat' dir='ltr'>ex</span> <span class='ocrx_word' id='word_1_58' title='bbox 1375 987 1441 1024; x_wconf 89' lang='lat' dir='ltr'>eo</span> <span class='ocrx_word' id='word_1_59' title='bbox 1469 969 1594 1022; x_wconf 88' lang='lat' dir='ltr'>oriri</span> <span class='ocrx_word' id='word_1_60' title='bbox 1624 966 1818 1038; x_wconf 86' lang='lat' dir='ltr'>potest,</span> <span class='ocrx_word' id='word_1_61' title='bbox 1852 964 1889 1019; x_wconf 88' lang='lat' dir='ltr'>fi</span> <span class='ocrx_word' id='word_1_62' title='bbox 1913 983 2021 1020; x_wconf 90' lang='lat' dir='ltr'>non</span> <span class='ocrx_word' id='word_1_63' title='bbox 2045 966 2133 1021; x_wconf 84' lang='lat' dir='ltr'>nifi</span> <span class='ocrx_word' id='word_1_64' title='bbox 2160 986 2217 1024; x_wconf 91' lang='lat' dir='ltr'>u.</span> 
     </span>
     <span class='ocr_line' id='line_1_11' title="bbox 560 1051 2218 1126; baseline -0.002 -15"><span class='ocrx_word' id='word_1_65' title='bbox 560 1062 686 1113; x_wconf 84' lang='lat' dir='ltr'>nico</span> <span class='ocrx_word' id='word_1_66' title='bbox 721 1057 1013 1126; x_wconf 85' lang='lat' dir='ltr'>horologio</span> <span class='ocrx_word' id='word_1_67' title='bbox 1051 1069 1259 1125; x_wconf 88' lang='lat' dir='ltr'>tempus</span> <span class='ocrx_word' id='word_1_68' title='bbox 1295 1071 1487 1111; x_wconf 83' lang='lat' dir='ltr'>verum</span> <span class='ocrx_word' id='word_1_69' title='bbox 1526 1053 1791 1109; x_wconf 89' lang='lat' dir='ltr'>definitur.</span> <span class='ocrx_word' id='word_1_70' title='bbox 1888 1051 2047 1107; x_wconf 85' lang='lat' dir='ltr'><strong>Licet</strong></span> <span class='ocrx_word' id='word_1_71' title='bbox 2069 1055 2218 1109; x_wconf 92' lang='lat' dir='ltr'>enim</span> 
     </span>
     <span class='ocr_line' id='line_1_12' title="bbox 561 1138 2216 1209; baseline 0 -12"><span class='ocrx_word' id='word_1_72' title='bbox 561 1144 691 1198; x_wconf 84' lang='lat' dir='ltr'>istud</span> <span class='ocrx_word' id='word_1_73' title='bbox 728 1144 890 1200; x_wconf 84' lang='lat' dir='ltr'>motui</span> <span class='ocrx_word' id='word_1_74' title='bbox 928 1143 1043 1196; x_wconf 82' lang='lat' dir='ltr'>solis</span> <span class='ocrx_word' id='word_1_75' title='bbox 1079 1141 1284 1195; x_wconf 84' lang='lat' dir='ltr'>duobus</span> <span class='ocrx_word' id='word_1_76' title='bbox 1324 1142 1421 1197; x_wconf 84' lang='lat' dir='ltr'>illis</span> <span class='ocrx_word' id='word_1_77' title='bbox 1446 1139 1798 1207; x_wconf 77' lang='lat' dir='ltr'>meridiebu5‚</span> <span class='ocrx_word' id='word_1_78' title='bbox 1831 1155 1954 1209; x_wconf 85' lang='lat' dir='ltr'>quas</span> <span class='ocrx_word' id='word_1_79' title='bbox 1976 1138 2216 1197; x_wconf 85' lang='lat' dir='ltr'>observa-</span> 
     </span>
     <span class='ocr_line' id='line_1_13' title="bbox 557 1225 2217 1299; baseline -0.001 -15"><span class='ocrx_word' id='word_1_80' title='bbox 557 1232 641 1284; x_wconf 81' lang='lat' dir='ltr'>tio</span> <span class='ocrx_word' id='word_1_81' title='bbox 663 1231 972 1299; x_wconf 74' lang='lat' dir='ltr'>intercedit,</span> <span class='ocrx_word' id='word_1_82' title='bbox 1007 1230 1185 1285; x_wconf 65' lang='lat' dir='ltr'>exaste</span> <span class='ocrx_word' id='word_1_83' title='bbox 1222 1242 1584 1299; x_wconf 81' lang='lat' dir='ltr'>comparatum</span> <span class='ocrx_word' id='word_1_84' title='bbox 1607 1225 1796 1292; x_wconf 81' lang='lat' dir='ltr'>fuerit,</span> <span class='ocrx_word' id='word_1_85' title='bbox 1822 1227 1991 1281; x_wconf 91' lang='lat' dir='ltr'>errori</span> <span class='ocrx_word' id='word_1_86' title='bbox 2022 1225 2217 1283; x_wconf 88' lang='lat' dir='ltr'>nihilo-</span> 
     </span>
     <span class='ocr_line' id='line_1_14' title="bbox 557 1309 2214 1384; baseline 0 -14"><span class='ocrx_word' id='word_1_87' title='bbox 557 1320 732 1371; x_wconf 87' lang='lat' dir='ltr'>minus</span> <span class='ocrx_word' id='word_1_88' title='bbox 773 1319 920 1371; x_wconf 85' lang='lat' dir='ltr'>locus</span> <span class='ocrx_word' id='word_1_89' title='bbox 957 1317 1027 1371; x_wconf 87' lang='lat' dir='ltr'>est</span> <span class='ocrx_word' id='word_1_90' title='bbox 1061 1317 1099 1370; x_wconf 90' lang='lat' dir='ltr'>fi</span> <span class='ocrx_word' id='word_1_91' title='bbox 1142 1328 1326 1369; x_wconf 87' lang='lat' dir='ltr'>motus</span> <span class='ocrx_word' id='word_1_92' title='bbox 1364 1313 1641 1384; x_wconf 84' lang='lat' dir='ltr'>horologii</span> <span class='ocrx_word' id='word_1_93' title='bbox 1675 1326 1784 1365; x_wconf 90' lang='lat' dir='ltr'>non</span> <span class='ocrx_word' id='word_1_94' title='bbox 1820 1309 1877 1364; x_wconf 87' lang='lat' dir='ltr'>fit</span> <span class='ocrx_word' id='word_1_95' title='bbox 1912 1310 2214 1370; x_wconf 88' lang='lat' dir='ltr'>uniformis.</span> 
     </span>
     <span class='ocr_line' id='line_1_15' title="bbox 557 1396 2213 1473; baseline -0.002 -15"><span class='ocrx_word' id='word_1_96' title='bbox 557 1402 822 1458; x_wconf 87' lang='lat' dir='ltr'>Remedio</span> <span class='ocrx_word' id='word_1_97' title='bbox 858 1404 1074 1458; x_wconf 88' lang='lat' dir='ltr'>fuerunt</span> <span class='ocrx_word' id='word_1_98' title='bbox 1107 1415 1328 1473; x_wconf 88' lang='lat' dir='ltr'>quatuor</span> <span class='ocrx_word' id='word_1_99' title='bbox 1364 1400 1644 1471; x_wconf 83' lang='lat' dir='ltr'>horologia</span> <span class='ocrx_word' id='word_1_100' title='bbox 1684 1396 1990 1469; x_wconf 87' lang='lat' dir='ltr'>postremae</span> <span class='ocrx_word' id='word_1_101' title='bbox 2015 1398 2213 1455; x_wconf 83' lang='lat' dir='ltr'>haclo-</span> 
     </span>
     <span class='ocr_line' id='line_1_16' title="bbox 557 1484 2214 1561; baseline -0.004 -19"><span class='ocrx_word' id='word_1_102' title='bbox 557 1490 637 1542; x_wconf 78' lang='lat' dir='ltr'>vis</span> <span class='ocrx_word' id='word_1_103' title='bbox 664 1491 997 1561; x_wconf 81' lang='lat' dir='ltr'>apparitione</span> <span class='ocrx_word' id='word_1_104' title='bbox 1016 1488 1243 1558; x_wconf 85' lang='lat' dir='ltr'>usurpata</span> <span class='ocrx_word' id='word_1_105' title='bbox 1262 1530 1276 1556; x_wconf 79' lang='grc'>,</span> <span class='ocrx_word' id='word_1_106' title='bbox 1310 1504 1443 1558; x_wconf 82' lang='lat' dir='ltr'>quae</span> <span class='ocrx_word' id='word_1_107' title='bbox 1476 1486 1569 1541; x_wconf 87' lang='lat' dir='ltr'>fibi</span> <span class='ocrx_word' id='word_1_108' title='bbox 1595 1485 1716 1556; x_wconf 79' lang='lat' dir='ltr'>ipsis</span> <span class='ocrx_word' id='word_1_109' title='bbox 1752 1484 1961 1556; x_wconf 83' lang='lat' dir='ltr'><strong>semper</strong></span> <span class='ocrx_word' id='word_1_110' title='bbox 1993 1501 2214 1557; x_wconf 83' lang='lat' dir='ltr'>compa.</span> 
     </span>
     <span class='ocr_line' id='line_1_17' title="bbox 555 1571 2212 1645; baseline -0.001 -15"><span class='ocrx_word' id='word_1_111' title='bbox 555 1576 659 1632; x_wconf 81' lang='lat' dir='ltr'>ravi</span> <span class='ocrx_word' id='word_1_112' title='bbox 699 1578 868 1631; x_wconf 88' lang='lat' dir='ltr'>statim</span> <span class='ocrx_word' id='word_1_113' title='bbox 906 1577 1025 1645; x_wconf 85' lang='lat' dir='ltr'>post</span> <span class='ocrx_word' id='word_1_114' title='bbox 1065 1574 1330 1628; x_wconf 78' lang='lat' dir='ltr'>transitum</span> <span class='ocrx_word' id='word_1_115' title='bbox 1371 1572 1504 1627; x_wconf 84' lang='lat' dir='ltr'>Solis</span> <span class='ocrx_word' id='word_1_116' title='bbox 1537 1574 1589 1625; x_wconf 91' lang='lat' dir='ltr'>in</span> <span class='ocrx_word' id='word_1_117' title='bbox 1622 1572 1757 1625; x_wconf 85' lang='lat' dir='ltr'>linea</span> <span class='ocrx_word' id='word_1_118' title='bbox 1780 1586 1901 1623; x_wconf 85' lang='lat' dir='ltr'>mea</span> <span class='ocrx_word' id='word_1_119' title='bbox 1921 1571 2212 1629; x_wconf 85' lang='lat' dir='ltr'>meridiana</span> 
     </span>
     <span class='ocr_line' id='line_1_18' title="bbox 555 1658 2211 1732; baseline 0.001 -18"><span class='ocrx_word' id='word_1_120' title='bbox 555 1663 819 1732; x_wconf 78' lang='lat' dir='ltr'>capfflari,</span> <span class='ocrx_word' id='word_1_121' title='bbox 850 1664 1082 1732; x_wconf 86' lang='lat' dir='ltr'>itemque</span> <span class='ocrx_word' id='word_1_122' title='bbox 1104 1675 1236 1712; x_wconf 84' lang='lat' dir='ltr'>mox</span> <span class='ocrx_word' id='word_1_123' title='bbox 1270 1661 1389 1730; x_wconf 89' lang='lat' dir='ltr'>post</span> <span class='ocrx_word' id='word_1_124' title='bbox 1427 1660 1544 1713; x_wconf 82' lang='lat' dir='ltr'>alias</span> <span class='ocrx_word' id='word_1_125' title='bbox 1579 1672 1912 1728; x_wconf 82' lang='lat' dir='ltr'>quascunque</span> <span class='ocrx_word' id='word_1_126' title='bbox 1944 1658 2051 1712; x_wconf 78' lang='lat' dir='ltr'>sive</span> <span class='ocrx_word' id='word_1_127' title='bbox 2077 1658 2211 1716; x_wconf 90' lang='lat' dir='ltr'>diur-</span> 
     </span>
     <span class='ocr_line' id='line_1_19' title="bbox 554 1744 2212 1818; baseline -0.004 -16"><span class='ocrx_word' id='word_1_128' title='bbox 554 1766 645 1802; x_wconf 82' lang='lat' dir='ltr'>nas</span> <span class='ocrx_word' id='word_1_129' title='bbox 664 1748 764 1802; x_wconf 85' lang='lat' dir='ltr'>siue</span> <span class='ocrx_word' id='word_1_130' title='bbox 786 1750 1067 1804; x_wconf 69' lang='lat' dir='ltr'>nostiirnas</span> <span class='ocrx_word' id='word_1_131' title='bbox 1093 1744 1483 1800; x_wconf 82' lang='lat' dir='ltr'>observationes</span> <span class='ocrx_word' id='word_1_132' title='bbox 1505 1787 1518 1812; x_wconf 87' lang='lat'>‚</span> <span class='ocrx_word' id='word_1_133' title='bbox 1544 1744 1581 1798; x_wconf 91' lang='lat' dir='ltr'>fi</span> <span class='ocrx_word' id='word_1_134' title='bbox 1607 1744 1825 1814; x_wconf 91' lang='lat' dir='ltr'>quidem</span> <span class='ocrx_word' id='word_1_135' title='bbox 1857 1744 1969 1796; x_wconf 85' lang='lat' dir='ltr'>veri</span> <span class='ocrx_word' id='word_1_136' title='bbox 1997 1755 2212 1818; x_wconf 86' lang='lat' dir='ltr'>tempo-</span> 
     </span>
     <span class='ocr_line' id='line_1_20' title="bbox 551 1825 2215 1905; baseline -0.001 -16"><span class='ocrx_word' id='word_1_137' title='bbox 551 1836 622 1889; x_wconf 72' lang='lat' dir='ltr'>ris</span> <span class='ocrx_word' id='word_1_138' title='bbox 658 1836 899 1889; x_wconf 68' lang='lat' dir='ltr'>exae&#39;tam</span> <span class='ocrx_word' id='word_1_139' title='bbox 937 1832 1249 1905; x_wconf 85' lang='lat' dir='ltr'>postularunt</span> <span class='ocrx_word' id='word_1_140' title='bbox 1283 1832 1534 1885; x_wconf 82' lang='lat' dir='ltr'>notitiam.</span> <span class='ocrx_word' id='word_1_141' title='bbox 1631 1825 1768 1882; x_wconf 88' lang='lat' dir='ltr'>Non</span> <span class='ocrx_word' id='word_1_142' title='bbox 1802 1826 1908 1882; x_wconf 88' lang='lat' dir='ltr'>fine</span> <span class='ocrx_word' id='word_1_143' title='bbox 1938 1830 2215 1902; x_wconf 82' lang='lat' dir='ltr'>voluptate</span> 
     </span>
     <span class='ocr_line' id='line_1_21' title="bbox 552 1918 2212 1994; baseline -0.001 -20"><span class='ocrx_word' id='word_1_144' title='bbox 552 1935 803 1994; x_wconf 75' lang='lat' dir='ltr'>expertus</span> <span class='ocrx_word' id='word_1_145' title='bbox 827 1922 940 1974; x_wconf 89' lang='lat' dir='ltr'>sum</span> <span class='ocrx_word' id='word_1_146' title='bbox 969 1922 1161 1989; x_wconf 71' lang='lat' dir='ltr'>saepius</span> <span class='ocrx_word' id='word_1_147' title='bbox 1196 1956 1210 1987; x_wconf 74' lang='lat'>⁷</span> <span class='ocrx_word' id='word_1_148' title='bbox 1271 1919 1414 1989; x_wconf 85' lang='lat' dir='ltr'>quod</span> <span class='ocrx_word' id='word_1_149' title='bbox 1446 1932 1656 1990; x_wconf 87' lang='lat' dir='ltr'>tempus</span> <span class='ocrx_word' id='word_1_150' title='bbox 1680 1930 1867 1970; x_wconf 82' lang='lat' dir='ltr'>verum</span> <span class='ocrx_word' id='word_1_151' title='bbox 1905 1933 1972 1970; x_wconf 84' lang='lat' dir='ltr'>ex</span> <span class='ocrx_word' id='word_1_152' title='bbox 1996 1918 2212 1985; x_wconf 76' lang='lat' dir='ltr'>fingulis</span> 
     </span>
     <span class='ocr_line' id='line_1_22' title="bbox 554 1998 2211 2079; baseline -0.006 -17"><span class='ocrx_word' id='word_1_153' title='bbox 554 2007 854 2079; x_wconf 74' lang='lat' dir='ltr'>horologiis</span> <span class='ocrx_word' id='word_1_154' title='bbox 891 2008 1169 2061; x_wconf 61' lang='lat' dir='ltr'>dedustum</span> <span class='ocrx_word' id='word_1_155' title='bbox 1199 2006 1338 2060; x_wconf 85' lang='lat' dir='ltr'>idem</span> <span class='ocrx_word' id='word_1_156' title='bbox 1371 2004 1582 2075; x_wconf 83' lang='lat' dir='ltr'>prorsus</span> <span class='ocrx_word' id='word_1_157' title='bbox 1612 2003 1941 2075; x_wconf 83' lang='lat' dir='ltr'>provenerit.</span> <span class='ocrx_word' id='word_1_158' title='bbox 2035 1998 2211 2075; x_wconf 82' lang='lat' dir='ltr'>Quan-</span> 
     </span>
     <span class='ocr_line' id='line_1_23' title="bbox 551 2088 2212 2167; baseline -0.005 -20"><span class='ocrx_word' id='word_1_159' title='bbox 551 2094 729 2167; x_wconf 77' lang='lat' dir='ltr'>doque</span> <span class='ocrx_word' id='word_1_160' title='bbox 761 2095 864 2148; x_wconf 82' lang='lat' dir='ltr'>tria</span> <span class='ocrx_word' id='word_1_161' title='bbox 904 2093 1257 2163; x_wconf 83' lang='lat' dir='ltr'>conspirarunt</span> <span class='ocrx_word' id='word_1_162' title='bbox 1290 2091 1573 2161; x_wconf 84' lang='lat' dir='ltr'>horologia</span> <span class='ocrx_word' id='word_1_163' title='bbox 1595 2131 1608 2156; x_wconf 79' lang='lat'>,</span> <span class='ocrx_word' id='word_1_164' title='bbox 1642 2101 1878 2159; x_wconf 88' lang='lat' dir='ltr'>quartum</span> <span class='ocrx_word' id='word_1_165' title='bbox 1911 2088 2107 2160; x_wconf 83' lang='lat' dir='ltr'>aliquot</span> <span class='ocrx_word' id='word_1_166' title='bbox 2137 2092 2212 2147; x_wconf 91' lang='lat' dir='ltr'>se-</span> 
     </span>
     <span class='ocr_line' id='line_1_24' title="bbox 554 2173 2208 2249; baseline -0.002 -12"><span class='ocrx_word' id='word_1_167' title='bbox 554 2183 739 2237; x_wconf 81' lang='lat' dir='ltr'>cundis</span> <span class='ocrx_word' id='word_1_168' title='bbox 778 2179 1057 2234; x_wconf 78' lang='lat' dir='ltr'>differebat</span> <span class='ocrx_word' id='word_1_169' title='bbox 1078 2221 1091 2246; x_wconf 80' lang='lat'>‚</span> <span class='ocrx_word' id='word_1_170' title='bbox 1117 2179 1261 2249; x_wconf 89' lang='lat' dir='ltr'>quod</span> <span class='ocrx_word' id='word_1_171' title='bbox 1287 2213 1301 2244; x_wconf 87' lang='lat'>,</span> <span class='ocrx_word' id='word_1_172' title='bbox 1353 2177 1388 2229; x_wconf 80' lang='lat' dir='ltr'>si</span> <span class='ocrx_word' id='word_1_173' title='bbox 1422 2174 1591 2228; x_wconf 88' lang='lat' dir='ltr'>solum</span> <span class='ocrx_word' id='word_1_174' title='bbox 1625 2173 1862 2230; x_wconf 84' lang='lat' dir='ltr'>adfuiffet</span> <span class='ocrx_word' id='word_1_175' title='bbox 1880 2191 2119 2230; x_wconf 87' lang='lat' dir='ltr'>errorem</span> <span class='ocrx_word' id='word_1_176' title='bbox 2138 2181 2208 2235; x_wconf 85' lang='lat' dir='ltr'>ita</span> 
     </span>
     <span class='ocr_line' id='line_1_25' title="bbox 551 2264 2208 2340; baseline -0.001 -18"><span class='ocrx_word' id='word_1_177' title='bbox 551 2265 848 2340; x_wconf 69' lang='lat' dir='ltr'>peperisset.</span> <span class='ocrx_word' id='word_1_178' title='bbox 957 2264 1374 2321; x_wconf 83' lang='lat' dir='ltr'>Observationes</span> <span class='ocrx_word' id='word_1_179' title='bbox 1397 2279 1620 2328; x_wconf 79' lang='lat' dir='ltr'>quarum</span> <span class='ocrx_word' id='word_1_180' title='bbox 1657 2275 1907 2331; x_wconf 85' lang='lat' dir='ltr'>tempora</span> <span class='ocrx_word' id='word_1_181' title='bbox 1938 2279 2067 2317; x_wconf 84' lang='lat' dir='ltr'>vera</span> <span class='ocrx_word' id='word_1_182' title='bbox 2098 2281 2208 2320; x_wconf 92' lang='lat' dir='ltr'>non</span> 
     </span>
     <span class='ocr_line' id='line_1_26' title="bbox 551 2347 2208 2420; baseline -0.001 -13"><span class='ocrx_word' id='word_1_183' title='bbox 551 2355 646 2407; x_wconf 80' lang='lat' dir='ltr'>nisi</span> <span class='ocrx_word' id='word_1_184' title='bbox 676 2355 828 2406; x_wconf 86' lang='lat' dir='ltr'>unico</span> <span class='ocrx_word' id='word_1_185' title='bbox 856 2367 942 2406; x_wconf 83' lang='lat' dir='ltr'>aut</span> <span class='ocrx_word' id='word_1_186' title='bbox 966 2352 1167 2406; x_wconf 79' lang='lat' dir='ltr'>duobus</span> <span class='ocrx_word' id='word_1_187' title='bbox 1193 2349 1480 2419; x_wconf 78' lang='lat' dir='ltr'>horologiis</span> <span class='ocrx_word' id='word_1_188' title='bbox 1508 2361 1795 2420; x_wconf 86' lang='lat' dir='ltr'>potuerunt</span> <span class='ocrx_word' id='word_1_189' title='bbox 1822 2347 2038 2402; x_wconf 88' lang='lat' dir='ltr'>definiri</span> <span class='ocrx_word' id='word_1_190' title='bbox 2061 2365 2208 2406; x_wconf 84' lang='lat' dir='ltr'>nota-</span> 
     </span>
     <span class='ocr_line' id='line_1_27' title="bbox 555 2431 2207 2509; baseline 0 -17"><span class='ocrx_word' id='word_1_191' title='bbox 555 2452 640 2492; x_wconf 83' lang='lat' dir='ltr'>tae</span> <span class='ocrx_word' id='word_1_192' title='bbox 664 2437 818 2491; x_wconf 82' lang='lat' dir='ltr'>sunta</span> <span class='ocrx_word' id='word_1_193' title='bbox 842 2439 1001 2493; x_wconf 83' lang='lat' dir='ltr'>latere</span> <span class='ocrx_word' id='word_1_194' title='bbox 1032 2434 1396 2509; x_wconf 72' lang='lat' dir='ltr'>praecedentis</span> <span class='ocrx_word' id='word_1_195' title='bbox 1422 2435 1660 2506; x_wconf 79' lang='lat' dir='ltr'>catalogi.</span> <span class='ocrx_word' id='word_1_196' title='bbox 1751 2431 1865 2489; x_wconf 87' lang='lat' dir='ltr'>Ubi</span> <span class='ocrx_word' id='word_1_197' title='bbox 1902 2435 2023 2489; x_wconf 87' lang='lat' dir='ltr'>nihil</span> <span class='ocrx_word' id='word_1_198' title='bbox 2054 2451 2207 2492; x_wconf 85' lang='lat' dir='ltr'>nota-</span> 
     </span>
     <span class='ocr_line' id='line_1_28' title="bbox 553 2521 2205 2595; baseline -0.001 -17"><span class='ocrx_word' id='word_1_199' title='bbox 553 2539 664 2578; x_wconf 88' lang='lat' dir='ltr'>tum</span> <span class='ocrx_word' id='word_1_200' title='bbox 690 2524 779 2589; x_wconf 84' lang='lat' dir='ltr'>est,</span> <span class='ocrx_word' id='word_1_201' title='bbox 816 2523 885 2575; x_wconf 83' lang='lat' dir='ltr'>ibi</span> <span class='ocrx_word' id='word_1_202' title='bbox 912 2525 1293 2595; x_wconf 74' lang='lat' dir='ltr'>subintelligere</span> <span class='ocrx_word' id='word_1_203' title='bbox 1311 2534 1527 2590; x_wconf 85' lang='lat' dir='ltr'>oportet</span> <span class='ocrx_word' id='word_1_204' title='bbox 1557 2521 1705 2592; x_wconf 86' lang='lat' dir='ltr'>quod</span> <span class='ocrx_word' id='word_1_205' title='bbox 1730 2521 1994 2574; x_wconf 85' lang='lat' dir='ltr'>eiusmodi</span> <span class='ocrx_word' id='word_1_206' title='bbox 2026 2522 2205 2578; x_wconf 76' lang='lat' dir='ltr'>obier-</span> 
     </span>
     <span class='ocr_line' id='line_1_29' title="bbox 553 2603 2203 2680; baseline -0.001 -16"><span class='ocrx_word' id='word_1_207' title='bbox 553 2611 707 2664; x_wconf 73' lang='lat' dir='ltr'>vatio</span> <span class='ocrx_word' id='word_1_208' title='bbox 733 2622 943 2680; x_wconf 82' lang='lat' dir='ltr'>tempus</span> <span class='ocrx_word' id='word_1_209' title='bbox 964 2611 1108 2664; x_wconf 88' lang='lat' dir='ltr'>suum</span> <span class='ocrx_word' id='word_1_210' title='bbox 1131 2626 1312 2663; x_wconf 78' lang='lat' dir='ltr'>verum</span> <span class='ocrx_word' id='word_1_211' title='bbox 1337 2623 1404 2662; x_wconf 86' lang='lat' dir='ltr'>ex</span> <span class='ocrx_word' id='word_1_212' title='bbox 1427 2620 1648 2679; x_wconf 82' lang='lat' dir='ltr'>quatuor</span> <span class='ocrx_word' id='word_1_213' title='bbox 1674 2619 1758 2662; x_wconf 85' lang='lat' dir='ltr'>aut</span> <span class='ocrx_word' id='word_1_214' title='bbox 1791 2603 1953 2670; x_wconf 82' lang='lat' dir='ltr'>tribus</span> <span class='ocrx_word' id='word_1_215' title='bbox 1979 2605 2203 2663; x_wconf 86' lang='lat' dir='ltr'>horolo-</span> 
     </span>
    </p>

    <p class='ocr_par' dir='ltr' id='par_1_6' title="bbox 551 2685 2157 2766">
     <span class='ocr_line' id='line_1_30' title="bbox 551 2685 2157 2766; baseline 0.005 -19"><span class='ocrx_word' id='word_1_216' title='bbox 551 2696 648 2766; x_wconf 67' lang='lat' dir='ltr'>giis</span> <span class='ocrx_word' id='word_1_217' title='bbox 678 2693 1105 2751; x_wconf 76' lang='lat' dir='ltr'>consentientibus</span> <span class='ocrx_word' id='word_1_218' title='bbox 1128 2696 1331 2753; x_wconf 78' lang='lat' dir='ltr'>habeat.</span> <span class='ocrx_word' id='word_1_219' title='bbox 2155 2685 2157 2687; x_wconf 28' lang='lat'>⁵</span> 
     </span>
    </p>
   </div>
   <div class='ocr_carea' id='block_1_4' title="bbox 2067 2777 2202 2837">
    <p class='ocr_par' dir='ltr' id='par_1_7' title="bbox 2067 2777 2202 2837">
     <span class='ocr_line' id='line_1_31' title="bbox 2067 2777 2202 2837; baseline -0.015 0"><span class='ocrx_word' id='word_1_220' title='bbox 2067 2777 2202 2837; x_wconf 89' lang='grc' dir='ltr'>ΟΒ-</span> 
     </span>
    </p>
   </div>
  </div>
 </body>
</html>
