2393 3590
711 190 826 255 DE
870 148 1371 257 emmaus.
1799 218 1922 286 43¹

413 351 500 411 En
524 365 607 407 cor
626 341 893 407 Zenodoti
919 346 931 404 !
965 367 1018 406 en
1042 349 1187 406 iecur
1214 345 1479 407 Cratetis!

258 441 488 502 Romani
530 451 793 493 nouerant
848 435 1115 494 Cimbros
1169 454 1198 491 a
1245 435 1620 510 septemtrione
1651 443 1929 515 profestos

254 529 496 586 Rhenum
519 525 770 581 traiecisse
794 537 1000 597 patrem
1021 526 1606 583 amniuthofidonius
1632 530 1809 587 iocum
1830 549 1929 606 pu·
1985 594 1988 598 ,

254 614 646 671 tatRomamm
662 611 827 667 fidem
852 624 905 665 et
921 613 985 668 ab
1003 615 1208 668 oriente
1223 609 1546 671 Cimmerios
1567 617 1707 673 ducit
1729 619 1925 674 aduer-

250 699 329 757 sus
361 701 531 757 Boios
565 699 631 754 ad
666 694 1008 770 Hercyniam
1034 699 1234 772 syluam
1266 736 1282 769 ‚
1319 701 1441 757 inde
1470 703 1611 759 male
1646 707 1929 764 mulctatos

250 788 306 843 in
341 788 563 844 Italiam.
668 783 912 862 Vndique
941 788 1067 842 totis
1100 802 1266 862 vsque
1291 787 1403 846 adeo
1436 791 1705 848 turbatur
1750 795 1922 866 agris,

252 873 458 930 Dicam
484 872 631 927 ficuti
668 873 831 928 sentio
869 874 933 928 de
969 872 1259 930 Posidonio
1285 918 1299 944 ,
1342 878 1665 951 philosopho
1703 880 1923 954 quidem

250 977 360 1015 non
402 960 622 1015 indocto
650 997 663 1027 ,
709 960 866 1014 sedin
892 960 970 1014 his
1001 963 1186 1016 nostris
1211 961 1403 1018 infante
1510 961 1774 1039 Quoniam
1807 967 1925 1039 phi-

248 1046 464 1119 losophi
484 1046 621 1101 haud
645 1047 808 1116 longe
834 1044 1018 1100 absunt
1047 1063 1075 1098 a
1099 1047 1256 1099 deum
1290 1053 1603 1109 conditione
1623 1097 1636 1123 ‚
1677 1068 1734 1109 vt
1762 1072 1926 1110 mun-

250 1134 379 1203 dos,
413 1133 618 1205 quoties
641 1131 830 1184 volunt
855 1174 869 1200 ,
906 1131 1141 1185 condant
1177 1147 1348 1186 nouos
1375 1177 1388 1202 ‚
1435 1155 1506 1192 eo
1529 1141 1753 1196 credidit
1774 1142 1923 1198 Posi-

249 1221 441 1277 donius
465 1219 604 1274 idem
628 1217 722 1274 fibi
747 1219 908 1272 licere
932 1219 982 1271 in
1009 1233 1189 1271 rerum
1212 1219 1474 1290 gestarum
1501 1224 1733 1281 historia.
1788 1224 1926 1285 Nec

248 1309 526 1365 immerito
569 1321 703 1359 vero
728 1339 745 1372 ,
802 1322 923 1360 cum
961 1301 1221 1361 Cimbros
1261 1308 1594 1376 cognouifi‘et
1637 1312 1921 1384 aliquando

245 1392 520 1468 profectos
546 1407 573 1443 a
594 1390 965 1462 septemtrione
986 1432 1000 1458 ‚
1037 1390 1368 1447 Cimmerios
1395 1408 1584 1464 autem,
1606 1399 1690 1453 vel
1714 1397 1922 1456 Home-

249 1498 313 1538 ro
339 1481 468 1532 teste
492 1491 542 1531 et
567 1473 866 1532 Herodoto
884 1514 900 1544 ,
918 1477 1193 1535 incoluiffe
1217 1477 1374 1536 Ponti
1399 1483 1599 1538 littora.
1688 1481 1820 1542 Hoc
1849 1487 1923 1543 sa-

248 1569 310 1623 tis
336 1575 445 1620 erat
465 1564 528 1619 ad
556 1564 935 1621 exordiendam
957 1564 1185 1639 longam
1212 1563 1460 1625 fabulam.
1549 1566 1614 1626 N
1619 1572 1702 1628 ih{l
1743 1589 1924 1633 tamen

250 1654 353 1710 hoc
375 1652 444 1707 est
470 1649 636 1706 adhuc
662 1668 788 1722 prae
819 1670 888 1707 eo
917 1687 932 1720 7
978 1654 1119 1726 quod
1153 1654 1347 1716 dicam,
1436 1655 1723 1715 Cimmerii
1750 1664 1805 1718 in
1831 1665 1915 1718 iis..

253 1741 376 1796 dem
399 1738 706 1808 regionibus
732 1739 972 1808 coluere,
1014 1740 1065 1793 in
1091 1739 1285 1811 quibus
1318 1742 1505 1815 postea
1540 1742 1771 1816 Scythae
1796 1791 1809 1817 ‚
1855 1762 1915 1807 vt

249 1828 454 1902 quidem
471 1825 786 1883 Herodotus
812 1827 995 1882 auctor
1018 1827 1089 1881 est
1107 1846 1117 1881 :
1135 1824 1349 1883 Cimbri
1376 1844 1573 1900 autem,
1604 1847 1662 1887 vt
1686 1830 1916 1908 Strab0‚

250 1914 460 1972 Tacitus
498 1957 513 1983 ‚
565 1912 764 1969 Plinius
807 1955 822 1982 ,
853 1913 1229 1981 Ptolemaeus,
1277 1919 1762 1986 praetendebantur
1786 1920 1912 1978 Sue.

247 2004 343 2058 tiae
393 2021 405 2056 :
483 2017 618 2074 ergo
680 1998 862 2056 Suetia
913 2002 988 2055 est
1043 2000 1132 2055 illa
1201 2014 1348 2058 vetus
1404 2004 1641 2076 Scythia.
1762 2008 1917 2066 Ridi-

252 2090 416 2145 culum
443 2089 515 2144 est
539 2126 555 2157 ‚
583 2088 727 2160 quod
758 2089 882 2144 dico
908 2130 921 2157 ,
967 2100 1144 2144 tamen
1177 2090 1409 2147 nonnulli
1433 2094 1483 2147 in
1510 2094 1651 2149 illum
1682 2096 1914 2155 “wdum

250 2177 413 2234 aciem
439 2176 632 2250 ingenii
650 2174 958 2232 subtiliffimi
980 2191 1294 2231 exeruerunt
1310 2220 1322 2247 ,
1338 2179 1460 2236 cum
1500 2184 1707 2237 critices
1741 2183 1912 2255 huius,

250 2279 378 2338 quae
405 2263 468 2317 ad
495 2263 828 2319 historiarum
863 2264 1142 2320 veritatem
1174 2268 1554 2337 exquirendam
1579 2312 1592 2339 ‚
1639 2273 1914 2328 necessaria

251 2351 348 2417 est,
380 2348 534 2419 plane
563 2350 726 2420 ignari
753 2351 926 2407 essent.
1025 2350 1154 2410 Nec
1184 2369 1397 2410 caruere
1425 2357 1558 2410 vitio
1579 2357 1685 2411 hoc
1712 2352 1911 2417 Graeci

251 2437 465 2509 quidam
490 2436 811 2508 vetustiores,
847 2453 900 2494 vt
919 2439 1175 2512 exemplo
1205 2439 1307 2495 effe
1338 2445 1504 2517 potest
1529 2438 1553 2499 ὁ
1581 2441 1911 2520 θαυμάσιος

250 2522 566 2581 Posidonius,
647 2520 942 2583 Audiamus
970 2528 1343 2584 tantummodo
1374 2524 1766 2605 Geographum
1794 2534 1905 2590 Ra-

246 2622 527 2669 uennatem
541 2605 650 2685 :(9)
668 2609 794 2673 inter
809 2628 1049 2673 oceanum
1066 2658 1080 2689 ‚
1088 2613 1286 2692 procul,
1309 2634 1494 2694 magna
1518 2616 1913 2695 infflla‚antiqrca

1788 2704 1828 2762 S
1835 2723 1924 2780 cy„

251 2865 332 2929 (9)
366 2881 411 2930 p.
436 2873 514 2915 26.
545 2863 618 2915 ed.
641 2863 962 2932 Porcheronisff
