2393 3590
707 74 1329 140 CAPJLLARJBVS.
1688 88 1810 161 267

149 242 237 303 gin
264 234 476 296 forta-‘³⁶28
500 231 608 290 sola
637 232 923 304 particulae
947 235 1098 290 vnius
1138 253 1337 305 aqueae
1367 237 1593 295 crassitie
1620 240 1809 297 distare

147 344 385 388 tumores
427 322 545 376 illos
584 338 611 374 a
643 322 756 374 vitri
781 323 1074 395 parictibus
1103 325 1329 378 voluerit
1355 368 1368 394 ,
1401 322 1667 382 fatendum
1695 331 1795 384 vti-

144 435 244 491 que
272 414 370 482 est,
394 407 715 463 contrarium
742 426 836 479 per
859 409 1250 465 obseruationes
1265 411 1596 469 immediatas
1616 417 1804 488 depre-

143 503 301 562 hendi
327 515 433 551 non
457 496 615 565 poffe.
647 493 874 551 Videtur
898 509 1067 552 autem
1091 497 1209 553 huic
1236 497 1474 556 theoriae
1487 504 1657 558 minus
1682 520 1809 559 con-

149 602 344 668 gruere
369 584 780 657 phaenomenon
806 581 935 637 aliud
967 602 994 637 a
1020 601 1109 640 me
1133 585 1483 643 obseruatum.

391 680 488 743 34.
510 664 584 720 Sit
608 666 753 736 sipho
773 670 1044 740 capillatis
1067 709 1080 739 ‚
1133 687 1184 727 et
1204 674 1449 730 statuatur
1470 677 1566 743 ita,
1598 689 1654 731 vt
1679 695 1790 732 cru·
1850 649 2031 714 Pham
2052 670 2103 710 34

149 767 221 821 ris
244 753 498 815 breuioris
517 752 790 808 orificium
816 773 850 808 a
876 759 1164 829 pauxillum
1181 774 1385 817 tantum
1409 758 1496 816 sub
1516 781 1641 836 aqua
1665 782 1806 820 mer-

148 864 296 925 gatur
332 864 348 912 ;
378 840 541 911 fitque
577 838 751 895 fistula
781 842 992 898 interne
1028 848 1279 903 madida:
1318 850 1550 903 ascendit
1588 869 1713 922 aqua
1741 851 1806 905 ad
1855 862 2088 923 Fig.1X.

151 930 471 994 altitudinem
514 926 738 981 eandem
777 925 838 981 dc
876 931 925 981 in
959 948 1110 985 crure
1129 934 1521 1005 longiore,s1ue
1545 938 1803 1007 integrum

150 1017 409 1077 conserues
445 1011 806 1085 fiphunculum
861 1057 899 1084 ,⁴
940 1015 1041 1070 fiue
1064 1018 1348 1090 abrumpas
1375 1024 1426 1075 in
1447 1021 1479 1075 b
1504 1042 1531 1078 a
1558 1024 1805 1094 longiore

147 1123 259 1163 crus
285 1102 505 1156 breuius.

291 1187 397 1246 Hic
423 1188 530 1242 duo
549 1183 669 1255 sunt,
697 1203 824 1258 quae
847 1188 1171 1245 Borellianae
1183 1189 1526 1261 explicationi
1544 1195 1802 1253 officiunt:

135 1294 245 1334 non
272 1276 342 1330 est
365 1276 453 1331 hic
478 1273 716 1345 pendens
747 1293 814 1330 ex
840 1278 1060 1332 orificio
1088 1276 1336 1332 immerso
1360 1280 1576 1348 guttula,
1606 1299 1636 1335 e
1659 1284 1802 1339 cuius

131 1362 452 1436 suspensione
495 1374 761 1429 rumpatur
795 1364 1164 1434 aequilibrium
1201 1382 1215 1434 3
1261 1381 1434 1436 neque
1465 1367 1540 1420 est
1567 1369 1723 1423 altior
1748 1387 1799 1425 a·

130 1468 266 1525 quae
302 1448 548 1502 columna
584 1445 791 1501 orificio
827 1449 1142 1505 incumbens
1181 1464 1389 1525 aperto,
1476 1452 1626 1509 Tum
1665 1473 1797 1511 vero

130 1537 241 1611 ipsa·
258 1551 416 1608 aquae
436 1532 680 1586 columna
703 1535 772 1589 ab
798 1539 848 1591 in
871 1538 1091 1609 fiphone
1108 1539 1208 1592 isto
1237 1557 1346 1593 non
1372 1540 1483 1613 agit
1509 1525 1800 1612 12berrime‚

131 1625 217 1680 sed
241 1640 364 1698 pars
388 1622 491 1676 eius
520 1620 753 1676 nonnihil
775 1622 1072 1681 sustentatur
1093 1643 1121 1679 a
1147 1626 1392 1680 lateribus
1415 1628 1538 1681 vitri
1568 1629 1620 1683 in
1648 1647 1801 1685 crure

135 1712 393 1771 breuiore,
504 1704 656 1784 Quid
701 1711 848 1780 igitur
875 1713 949 1768 est
991 1749 1007 1782 ‚
1066 1712 1209 1786 quod
1246 1730 1439 1786 aquam
1482 1714 1650 1770 eleuat
1671 1733 1740 1771 ex
1765 1716 1800 1771 d

133 1800 187 1856 in
212 1816 239 1853 c
262 1794 284 1852 ζ

281 1886 569 1945 XXXIV.
656 1882 870 1941 Deficit
901 1886 1057 1942 etiam
1092 1885 1392 1941 Borelliana
1433 1889 1707 1960 expositio
1747 1891 1801 1944 in

128 1971 259 2043 hoc,
301 1972 446 2045 quod
470 1973 668 2029 nescias
693 2015 706 2042 ,
749 1990 816 2028 an
850 1990 920 2028 ex
958 1987 1142 2028 mente
1175 1974 1299 2032 Viri
1335 1975 1522 2029 eximii
1561 1975 1800 2031 adhaesio

126 2076 284 2133 aquae
309 2060 377 2114 ad
401 2067 570 2117 totam
591 2059 752 2116 tubuli
763 2058 1078 2134 ficperfic·iem
1108 2062 1305 2116 attendi
1341 2063 1533 2117 debeat
1557 2105 1570 2132 ,
1603 2064 1692 2118 vel
1719 2061 1792 2116 se-

129 2142 258 2204 cus?
297 2146 539 2204 Primum
571 2148 784 2203 videtur
816 2165 886 2202 ex
925 2146 1149 2203 discursu
1178 2165 1275 2218 e0,
1320 2167 1425 2222 quo
1451 2152 1714 2205 maiorem
1743 2167 1796 2203 a-

127 2252 259 2307 quae
282 2236 329 2288 in
356 2235 545 2291 fistulis
572 2235 931 2308 gracilioribus
957 2237 1286 2290 altitudinem
1310 2237 1559 2310 explicat.
1617 2234 1796 2295 Nam·

127 2339 224 2394 que
260 2321 488 2395 Propos.
542 2320 673 2381 188.
699 2341 751 2395 p.
783 2337 927 2401 243.
960 2323 1013 2377 id
1051 2321 1408 2394 phaenomeni
1445 2321 1570 2376 hinc
1603 2321 1791 2391 infert,

127 2411 242 2481 quia
265 2408 593 2465 adhaerentia
643 2425 695 2465 et
733 2411 1004 2466 connexio
1042 2426 1211 2482 aquae
1243 2410 1508 2482 parietibus
1534 2410 1788 2479 internis„

132 2496 379 2551 canalium
404 2499 673 2553 maiorem
701 2499 1120 2572 proportionem
1155 2497 1220 2552 ad
1257 2498 1462 2551 molem
1499 2514 1659 2570 aquae
1683 2497 1790 2564 in-„

131 2581 348 2638 sinuatae
369 2585 634 2641 extenfiue
661 2599 714 2640 et
735 2585 985 2641 intenfiue
1010 2587 1064 2640 in
1097 2583 1393 2640 canaliculis
1419 2583 1797 2650 subtiliffimis„

133 2665 334 2739 habet,
380 2689 535 2746 quam
564 2672 620 2730 in
659 2673 849 2748 amplis
891 2685 942 2726 et
987 2670 1424 2743 capacioribus„
1510 2668 1794 2745 Extenfiue

913 2757 990 2814 Ll
1026 2771 1063 2813 2
1635 2758 1791 2830 quia„
