2393 3590
405 237 485 305 34
630 216 743 278 DE
789 205 1336 277 TRANSFORM.
1375 203 1852 272 SERJERVM.'

559 373 681 435 Scio
707 377 923 450 quidem
950 371 1237 446 plerosque
1256 371 1477 427 statuere
1497 368 1606 426 siin
1630 368 1758 423 serie
1783 362 1846 423 A
1888 383 2050 441 quan-

400 466 519 523 titas
549 485 609 521 m.
641 466 882 520 fitmaior
897 461 1093 516 vnitate
1118 458 1302 513 seriem
1320 472 1487 512 totam
1512 474 1579 511 ex
1604 456 1940 530 praepostera
1973 456 2051 510 di-

397 556 592 610 uisione
617 550 748 639 rssm
798 550 927 606 oriri
958 563 1126 618 neque
1156 545 1292 599 adeo
1319 543 1441 599 huic
1476 545 1749 615 quantitati
1789 540 2059 614 aequalem

399 650 526 722 effe,
568 651 655 706 sed
678 653 839 705 etiam
861 649 896 704 fi
921 649 1011 702 iste
1034 645 1229 702 modus
1253 645 1591 715 exprimendi
1624 643 1960 715 quantitatem
1988 639 2057 696 fi-'

399 741 565 795 tritam
615 755 710 810 per
755 734 938 789 seriem
993 732 1254 787 infinitam
1305 747 1649 787 numerorum
1701 728 1959 784 alternatis
2004 728 2066 782 fi,

403 828 514 900 gnis
545 823 888 880 crescentium
915 817 1090 874 nescio
1120 818 1236 888 quid
1261 816 1456 869 insoliti
1481 832 1606 884 prae
1640 814 1687 867 se
1715 816 1846 869 ferat
1890 855 1906 882 ‚
1950 829 2063 868 non

403 927 584 968 tamen
611 913 772 966 video
799 924 891 960 cur
920 904 1142 957 omnino
1167 900 1470 953 reiiciendus
1492 900 1703 965 fit7cum
1718 917 1785 953 ex
1798 900 1900 953 hoc
1918 899 2065 970 quod

399 1000 642 1053 dedimus
667 989 918 1062 exemplo
943 997 1196 1060 appareat
1224 986 1481 1040 eiusmodi
1503 983 1654 1040 series
1678 984 2069 1042 trastabiliores

402 1083 526 1139 fieri
551 1096 706 1152 atque
735 1079 786 1132 in
810 1075 932 1130 alias
952 1072 1193 1145 aequales
1221 1073 1571 1124 terminorum
1590 1072 1850 1126 'continuo
1880 1071 2063 1126 decre-

398 1170 652 1226 scentium
692 1161 1005 1219 commutari
1039 1158 1221 1229 poffe3
1263 1156 1397 1210 adde
1436 1198 1450 1223 ‚
1496 1159 1639 1227 quod
1659 1158 1784 1211 istae
1806 1156 1960 1212 series
1987 1156 2062 1231 (in

398 1256 590 1331 quibus
612 1249 822 1308 termini
847 1245 1077 1300 crescunt
1116 1243 1379 1298 alternatis
1413 1242 1594 1317 signis)
1620 1259 1726 1297 non
1761 1242 1968 1315 semper
1995 1260 2066 1301 ex

400 1341 739 1418 praepostera
764 1333 1017 1390 diuisione
1040 1374 1054 1399 ‚
1110 1329 1195 1383 sed
1229 1327 1342 1382 aliis
1378 1327 1533 1380 etiam
1559 1329 1737 1382 modis
1764 1329 2070 1398 proueniant

405 1436 473 1490 de
493 1444 589 1504 qua
618 1444 675 1480 re
701 1423 807 1479 alio
832 1419 962 1473 loco
984 1420 1226 1473 dicemus,
1321 1411 1583 1470 Ceterum
1605 1413 1703 1468 hac
1741 1414 1919 1469 nostra
1947 1431 2063 1470 me..

405 1520 579 1577 thodo
606 1514 725 1568 data
750 1522 1084 1581 quuecunque
1110 1502 1265 1558 series
1293 1497 1375 1556 A.
1402 1498 1767 1554 transformari
1793 1501 1992 1570 poterit
2015 1503 2068 1558 in

410 1608 562 1665 aliam
587 1599 649 1655 Β.
675 1615 734 1653 ea
756 1596 878 1667 lege
919 1607 978 1647 vt
999 1591 1064 1647 ab
1093 1589 1241 1643 initio
1268 1587 1461 1644 habeat
1500 1585 1764 1641 terminos
1796 1601 2067 1655 quoscun-

407 1711 509 1767 que
534 1692 719 1751 datos,
756 1697 881 1737 nam
910 1696 977 1734 ex
1001 1676 1371 1751 quantitatibus
1400 1690 1449 1726 α.
1489 1673 1539 1746 3.
1598 1690 1665 1747 Ύ.
1695 1683 1796 1725 etC.
1830 1683 1917 1726 tot
1958 1689 2059 1743 po-

408 1790 584 1835 terunt
624 1767 959 1827 determinari
1003 1783 1099 1838 per
1133 1763 1508 1818 conditionem
1540 1757 1889 1832 problematis
1936 1772 2066 1829 quot

410 1859 622 1921 termini
660 1857 762 1912 dati
794 1851 982 1908 fuerint
1011 1855 1063 1907 in
1097 1850 1227 1905 serie
1255 1849 1302 1906 B
1354 1848 1490 1902 adeo
1529 1858 1590 1900 vt
1612 1844 1745 1901 haec
1779 1843 2068 1901 methodus

408 1968 517 2011 non
555 1944 726 2002 solum
766 1941 830 1993 ad
884 1936 1023 1994 casus
1054 1934 1534 1998 transformationis
1564 1933 1789 1997 infinitos
1819 1968 1835 2006 7
1888 1930 1975 1991 sed
2006 1932 2071 1992 ad

411 2051 597 2098 omnes
620 2025 882 2102 poffibiles
905 2026 1191 2102 perducat.

1922 2802 2078 2886 DE
