2393 3590
681 168 798 231 DE
882 165 1409 244 BJLANCIBVS,
1827 178 1866 235 6
1882 194 1909 255 5

241 330 394 388 vncia
416 326 466 385 in
501 340 622 387 100
645 325 914 398 particulas
937 325 1248 399 dispescatur
1281 342 1499 400 quarum
1536 329 1745 400 quaeuis
1780 346 1903 384 cen-

242 418 460 475 tefimae
488 415 774 471 drachmae
799 415 942 485 parti
969 413 1344 486 aequiualebit.
1433 413 1569 472 Non
1583 415 1817 471 difficilis
1841 418 1913 471 fa‘¹

239 507 324 563 istu
363 503 486 559 mihi
528 521 612 559 res
648 500 931 559 videbatur
949 519 1103 575 quam
1137 498 1408 575 aggressus
1429 501 1567 557 hunc
1597 502 1650 558 in
1679 505 1911 559 modum

286 591 469 650 erfeci.

242 611 280 669 p
386 692 445 738 2.
531 676 720 733 Primo
743 673 1212 732 elaborauilineale
1236 675 1383 734 BBB
1427 691 1546 731 cum
1570 676 1766 734 lamina
1792 695 1912 751 per-

241 763 569 838 pendiculari
594 781 645 817 w
670 777 723 818 et
747 763 1133 836 perpendiculo
1167 781 1236 820 ex
1276 763 1375 819 filo
1408 760 1561 836 super
1585 763 1720 820 linea
1753 765 1906 820 verti-

244 853 342 908 cali
379 850 710 925 dependente
732 892 747 920 ,
791 849 943 923 quale
972 847 1110 923 Cap.
1141 849 1221 913 11.
1261 847 1312 919 ᾗ.
1350 863 1396 926 5.
1419 863 1475 905 et
1499 848 1755 925 Cap,111.
1782 849 1827 922 ᾗ.
1854 848 1909 910 8.

240 938 587 1010 descriptum.

388 1039 444 1097 3.
535 1021 769 1092 Scapum
802 1021 1015 1074 confeci
1050 1022 1196 1076 cuius
1228 1022 1444 1079 brachia
1468 1025 1739 1098 inaequalis
1759 1040 1913 1084 erant

240 1109 581 1180 longitudinis
595 1106 906 1179 ‚superabat
930 1106 1069 1161 enim
1096 1106 1356 1161 sinistrum
1382 1108 1445 1162 A
1471 1113 1638 1165 oeties
1661 1114 1913 1170 dextrum

239 1191 292 1252 Z
312 1196 420 1257 scil.
452 1197 490 1253 si
510 1194 674 1268 spatia
700 1195 837 1249 intra
860 1194 1051 1267 punCta
1092 1190 1425 1264 suspensionis
1458 1195 1707 1266 lancium,
1727 1217 1779 1254 et
1805 1202 1902 1272 hy..

240 1283 620 1356 pomochlium
648 1280 733 1334 seu
759 1282 1006 1351 punitum
1040 1276 1375 1351 suspensionis
1402 1279 1546 1354 scapi
1584 1285 1907 1355 consideres,

238 1370 458 1427 vlterius
503 1383 636 1424 vero
668 1365 1056 1422 extendebatur
1095 1366 1222 1422 illud
1267 1365 1542 1425 brachium
1585 1362 1636 1423 Z
1661 1372 1728 1425 ad
1752 1389 1917 1428 vnum

242 1456 470 1529 digitum
498 1473 527 1509 a
550 1455 747 1527 puncto
767 1453 861 1506 illo
891 1451 1232 1525 suspensionis
1250 1454 1441 1515 lancis,
1529 1452 1594 1512 A
1627 1457 1915 1516 sinistroA

242 1541 573 1614 dependebat
591 1538 717 1594 lanx
743 1537 808 1592 ab
837 1540 1188 1606 extremitatis
1217 1543 1414 1614 pundto
1434 1542 1550 1598 fixo
1589 1586 1603 1613 ,
1661 1546 1913 1602 dextrum

238 1643 373 1683 vero
410 1624 694 1682 brachium
722 1617 775 1679 Z
812 1643 987 1698 prope
1033 1626 1485 1700 hypomochlium
1527 1632 1749 1690 bilancis
1797 1649 1910 1691 erat

235 1715 537 1787 quadratum
561 1730 593 1769 a
617 1727 671 1767 et
689 1713 955 1769 desinebat
977 1715 1032 1769 in
1063 1716 1342 1772 cochleam
1368 1735 1573 1774 marem
1598 1737 1641 1776 r.
1726 1758 1733 1765 ·

401 1812 453 1875 ς.
548 1799 730 1871 Prope
753 1798 1196 1872 hypomochlium
1217 1803 1440 1860 affixum
1475 1819 1584 1860 erat
1603 1807 1849 1864 elastrum
1879 1826 1908 1862 s

233 1887 380 1960 quod
406 1886 660 1943 nitebatur
689 1886 743 1941 in
775 1887 1075 1958 cylindrum
1120 1897 1148 1942 t
1181 1891 1235 1945 in
1262 1892 1442 1946 medio
1480 1890 1747 1949 foramine
1772 1913 1897 1968 qua-

233 1974 523 2047 drangulari
547 1973 848 2048 praeditum
868 2016 882 2042 ‚
927 1975 1147 2031 brachio
1170 1994 1203 2031 z
1237 1979 1643 2050 proportionale
1667 2016 1684 2047 ‚
1722 1996 1778 2037 vt
1801 1999 1896 2055 cy-

232 2062 433 2119 lindrus
456 2060 536 2115 ibi
560 2061 619 2116 sit
644 2061 874 2116 mobilis.
963 2058 1065 2117 Ad
1083 2064 1623 2134 cylindriextremum
1647 2078 1906 2126 transver-

136 2188 142 2195 ·
229 2148 281 2203 se
306 2149 556 2206 traiectus
581 2161 692 2203 erat
722 2147 956 2204 axiculus
980 2165 1027 2201 m
1052 2150 1212 2205 lancis
1246 2152 1545 2224 appensioni
1581 2153 1777 2212 dicatus
1808 2194 1823 2225 ‚
1875 2176 1903 2212 a

230 2239 377 2292 cuius
401 2235 830 2309 prominentibus
864 2237 1119 2292 extremis
1153 2238 1490 2309 dependebat
1520 2240 1737 2313 longior
1761 2246 1895 2298 auri-

231 2323 352 2379 cula
372 2333 423 2398 p.
445 2340 570 2378 cum
597 2338 742 2379 vnco
766 2322 816 2377 h.
901 2323 1123 2381 Vltimo
1155 2326 1282 2379 loco
1329 2326 1547 2382 cochlea
1573 2325 1846 2386 foeminea
1866 2351 1902 2406 q

230 2427 287 2466 et
313 2411 334 2465 l
369 2409 690 2475 addebatur,
730 2427 827 2482 qua
851 2411 1116 2466 mediante
1138 2412 1403 2484 cylindrus
1423 2422 1448 2467 t
1478 2430 1600 2470 cum
1631 2417 1836 2473 axiculo
1853 2437 1901 2473 m

121 2562 129 2566 ,
227 2497 541 2570 suspensioni
575 2496 804 2552 lancium
838 2497 1145 2554 inseruiente
1176 2500 1244 2556 ad
1281 2498 1620 2576 crenulamf
1639 2502 1724 2558 seu
1758 2525 1888 2578 pun-

228 2587 365 2644 &um
415 2583 760 2658 suspensionis
794 2584 934 2657 scapi
959 2624 974 2655 ‚
1024 2589 1252 2660 propius
1292 2589 1496 2645 adduci
1521 2589 1610 2643 vel
1635 2595 1905 2649 remoueri

230 2673 406 2746 potest
427 2673 491 2726 ad
515 2670 912 2741 elongationem
932 2687 982 2730 et
1010 2674 1469 2732 abbreuiationem
1494 2677 1698 2733 brachii
1718 2674 1788 2741 Ζ,

391 2755 446 2812 6.
538 2753 743 2833 Scapus
773 2760 980 2835 lingula
1018 2777 1125 2819 erat
1152 2765 1421 2822 destitutus
1455 2778 1508 2820 et
1548 2765 1900 2842 fiispendeba-,.

236 2841 394 2925 Tom.v
421 2841 495 2903 Π.
1100 2848 1128 2904 I
1818 2869 1902 2910 tur
