2393 3590
425 221 504 300 36
892 201 1008 264 DE
1093 186 1606 258 BrLANcissVS.

428 377 563 432 inter
584 372 716 429 haec
741 376 794 421 et
821 362 1051 419 bilances
1078 357 1183 412 iam
1213 364 1367 409 notas
1396 362 1553 420 atque
1579 347 1789 402 vfitatas
1815 381 1830 414 ‚
1868 343 2088 402 tandem

432 479 509 528 ea,
535 477 663 532 quae
691 457 757 512 ad
784 463 1131 526 εγχειξησεις
1151 439 1409 514 spectant,
1443 434 1777 506 expositurus.
1873 433 2083 491 Videa-

431 565 548 603 mus
570 549 767 617 itaque,
801 550 1071 612 quousque
1097 530 1164 584 ad
1185 527 1484 585 maximam
1512 521 1787 596 ακξιβειαν
1816 537 1913 593 per
1950 521 2091 589 leges

433 633 802 695 Mechanicas,
833 622 1118 698 propriam
1144 612 1523 686 experientiam
1548 607 1632 660 seu
1658 609 1850 679 praxin
1877 619 1930 662 et
1965 623 2105 680 ope-·

433 737 547 777 ram
583 715 908 774 manuariam
935 706 1253 763 curatiorem
1276 695 1530 774 progredi
1547 694 1714 748 licuit.

1002 842 1193 948 Cap.
1334 837 1391 913 I.
1800 833 1840 872 ⁹

438 986 560 1068 De
598 977 972 1064 bilammm
1013 964 1507 1048 constructione
1544 979 1612 1040 et
1664 964 2101 1045 correctione.

577 1157 717 1231 Reg
751 1153 793 1210 I.
878 1143 1112 1203 Bilancis
1142 1139 1296 1213 stapi
1324 1139 1413 1211 seu
1455 1139 1556 1211 iugi
1589 1138 1802 1193 brachia
1835 1175 1851 1206 ‚
1889 1137 1952 1194 vt
1982 1156 2103 1198 exa.

861 1232 1056 1306 c‘liffime
1083 1227 1281 1286 eandem
1307 1226 1531 1281 habeant
1550 1225 1908 1298 longitudinem
1934 1227 2111 1302 neceffi

880 1320 964 1395 ss,

608 1457 666 1524 4.
751 1439 940 1497 Putant
964 1446 1146 1488 rerum
1171 1444 1282 1483 non
1307 1427 1423 1482 satis
1462 1426 1612 1500 gnari
1655 1426 2012 1499 scrupulosam
2037 1429 2113 1486 di·-

451 1534 777 1594 mensionem
804 1522 1155 1579 brachiorum
1180 1515 1470 1569 bilancium
1499 1530 1608 1567 non
1634 1514 1770 1566 adeo
1797 1514 1901 1568 effe
1933 1533 2115 1574 neces-

451 1624 674 1685 sariam,
709 1615 793 1670 sed
821 1608 1238 1684 qualemcunque
1262 1600 1720 1668 sufficere,m0do
1747 1601 2115 1671 aequilibrium

454 1712 656 1779 Vtrique
696 1704 752 1758 fit
790 1701 993 1754 datum.
1081 1687 1189 1746 Sed
1220 1689 1461 1744 laborant
1498 1687 1553 1741 hi
1594 1687 1918 1758 praeiudicio
1945 1731 1959 1757 ,
2012 1706 2122 1743 non

460 1792 850 1852 considerantes
872 1786 1013 1856 leges
1034 1779 1100 1833 de
1124 1778 1295 1835 vec'te.
1386 1770 1527 1829 Non
1555 1775 1698 1827 enim
1720 1775 2010 1844 corrigitur
2026 1793 2119 1847 per

461 1876 831 1952 aequilibrium
873 1866 1097 1924 brachiis
1137 1866 1321 1920 datum
1359 1860 1748 1935 praepondium
1807 1879 1837 1916 a
1878 1861 2125 1933 longiore

462 1968 620 2024 vectis
646 1958 868 2016 brachio
893 1952 1201 2027 dependens
1241 1970 1257 2019 3
1289 1950 1375 2005 sed
1400 1949 1594 2004 vitium
1630 1947 1676 2002 se
1704 1948 1918 2020 prodit,
1959 1964 2121 2020 quan-

471 2057 543 2108 do
572 2053 676 2104 duo
700 2044 942 2118 pondera
967 2041 1030 2094 ad
1052 2039 1308 2091 eiusmodi
1340 2036 1593 2089 bilancem
1610 2035 2128 2105 aequantur‚etdein-

472 2142 542 2194 de
578 2140 972 2189 commutantur
1001 2160 1015 2190 ‚
1064 2123 1131 2175 ita
1153 2134 1212 2173 vt
1237 2120 1461 2173 sinistrae
1485 2120 1621 2172 lanci
1648 2120 1960 2191 imponatur
1984 2137 2125 2190 pon-

476 2230 570 2282 dus
597 2223 650 2275 in
675 2220 860 2272 dextra
887 2209 1271 2281 aequilibratum
1298 2249 1312 2274 ‚
1341 2219 1461 2260 tunc
1497 2205 1826 2273 cognoscitur
1856 2206 2130 2262 brachium

474 2311 706 2382 longiuS,
741 2319 836 2375 per
855 2296 997 2370 quod
1032 2294 1416 2367 praeponderat
1454 2291 1664 2362 pondus
1689 2292 1991 2364 impositum
2021 2305 2134 2345 ante

478 2391 958 2454 commutationem
983 2380 1273 2453 aequilibre
1297 2396 1416 2432 cum
1444 2377 1632 2436 altem,

648 2490 696 2554 ς.
783 2470 1074 2529 Criterium
1095 2470 1270 2539 itaque
1293 2478 1450 2536 atque
1476 2463 1674 2534 proba,
1707 2466 1773 2519 vti
1802 2467 1908 2520 iam
1938 2466 2136 2523 dierum

481 2573 534 2626 in
559 2585 627 2623 eo
656 2559 894 2617 confistit
916 2599 930 2625 ,
976 2569 1036 2609 vt
1064 2556 1166 2608 duo
1210 2554 1448 2624 pondera
1479 2551 1633 2606 fimul
1669 2552 1720 2605 in
1745 2552 1881 2605 binis
1902 2553 2141 2607 lancibus

488 2658 740 2713 librentur
765 2690 779 2715 ,
849 2658 900 2698 et
934 2643 1209 2696 reddantur
1232 2639 1500 2708 aequalia·⁷
1541 2636 1726 2690 deinde
1756 2653 2142 2694 commutentur

445 2802 447 2805 .
490 2739 730 2818 pondera
753 2777 767 2804 ,
798 2745 848 2787 et
867 2727 1170 2785 obser-uetur
1199 2728 1414 2794 exacte,
1459 2738 1634 2781 vtrum
1664 2724 2027 2797 aequalitatem
2053 2727 2145 2780 sint

1944 2811 2149 2866 conscr-
