2393 3590
680 186 797 252 DE
866 188 1410 263 mLANCJBVS.
1840 219 1913 285 57

255 349 442 407 ambae
462 346 497 407 ii
523 348 749 405 eandem
770 348 1129 407 nanciscantur
1154 351 1455 410 distantiam
1480 354 1542 410 ab
1579 355 1669 414 ista
1699 375 1861 419 crena
1889 371 1914 417 t

249 437 400 510 scapi.

414 538 436 579 1
458 537 502 578 1.
595 517 955 595 suspendatur
981 524 1161 599 scapus
1202 522 1263 582 A
1292 540 1346 581 et
1380 527 1443 583 de
1470 535 1908 604 praeponderan-

247 610 313 667 tis
337 610 536 667 brachii
577 612 798 667 cochlea
836 613 1102 668 foeminea
1139 633 1192 688 ’γ
1219 616 1271 669 in
1298 629 1543 673 extremo
1580 633 1789 676 tantum
1813 624 1907 677 ab·

245 698 464 755 radatur
502 712 747 769 quantum
787 702 851 755 ad
889 699 1248 773 aequilibrium
1278 701 1495 759 brachiis
1531 707 1913 766 restituendum

249 785 466 851 sufficit,
516 785 776 839 conuerso
803 786 995 857 saepius
1019 785 1197 859 scapo,

401 885 492 940 12,
578 867 879 926 Addantur
904 873 969 926 ad
1009 874 1257 928 cochleas
1298 875 1598 936 foemineas
1634 882 1846 939 elateres
1875 883 1914 958 β

248 970 305 1014 et
337 958 679 1013 reconciliata
707 959 878 1012 crenis
919 959 954 1010 ii
989 960 1377 1028 aequidfstantia
1417 982 1445 1018 a
1481 983 1636 1022 crena
1662 971 1835 1025 media
1861 980 1906 1038 t,

243 1043 577 1116 suspendatur
600 1043 790 1096 iterum
815 1041 996 1111 scapus
1023 1056 1076 1095 et
1112 1046 1386 1116 redigatur
1415 1051 1482 1104 ad
1520 1055 1907 1126 aequilibrium,

246 1130 558 1204 grauitatem
579 1126 788 1182 clateris
812 1124 940 1200 (non
966 1125 1220 1182 cochleae
1244 1130 1536 1210 foeminae)
1555 1138 1748 1195 brachii
1763 1159 1912 1214 prac-

240 1215 591 1287 ponderantis
615 1215 906 1271 minuendo
925 1256 939 1285 ,
983 1227 1036 1270 et
1064 1217 1344 1273 conuerfio
1367 1217 1509 1295 scapi
1532 1239 1641 1276 non
1667 1229 1902 1298 negliga-

247 1321 342 1362 tur.

404 1404 492 1465 13.
579 1385 982 1465 Appendantur
1002 1388 1174 1449 lances
1198 1392 1575 1466 diligentiffime
1597 1397 1662 1455 ad
1685 1402 1912 1461 eandem

249 1480 552 1557 grauitatem
578 1480 818 1534 redac‘tae
843 1492 899 1533 et
921 1478 1225 1536 obseruetur
1243 1495 1419 1540 Vtrum
1435 1488 1800 1559 aequilibrium
1815 1490 1915 1546 ser-

245 1579 335 1623 uet
364 1564 552 1619 bilanx
589 1581 605 1630 3
646 1564 682 1618 fi
722 1563 786 1618 ab
819 1581 887 1619 eo
925 1566 1150 1623 deflectit
1184 1570 1425 1627 dematur
1455 1573 1649 1646 aliquid
1670 1576 1735 1631 de
1756 1596 1909 1649 prae-

239 1650 581 1727 ponderantis
626 1648 820 1707 brachii
855 1652 1076 1709 cochlea
1113 1653 1381 1714 foeminea
1415 1658 1546 1735 (non
1590 1663 1654 1717 de
1688 1664 1906 1740 elatere)

241 1741 413 1795 donec
451 1736 805 1809 aequilibrium
838 1738 1053 1809 fere,sed
1086 1759 1194 1797 non
1232 1756 1421 1816 totum,
1450 1746 1599 1803 fuerit
1624 1750 1905 1823 inductum,

238 1839 292 1882 et
335 1826 508 1881 denuo
543 1839 914 1881 remoueantur
942 1827 1140 1896 lancea,
1169 1842 1220 1884 et
1242 1828 1423 1904 scapus
1446 1834 1645 1906 absque
1668 1838 1908 1894 lancibus

232 1916 511 1971 reducatur
545 1913 736 1968 iterum
776 1914 840 1968 ad
873 1915 1245 1986 aequilibrium
1271 1919 1629 1975 imminuendo
1661 1926 1904 1995 grauita-

234 2015 342 2059 tem
362 1998 571 2056 elateris
588 1996 721 2069 (non
745 2000 1022 2075 cochleae)
1042 2006 1523 2074 praeponderantis
1550 2006 1765 2064 brachii.

403 2103 494 2167 14.
585 2082 969 2158 Suspendantur
998 2089 1190 2144 iterum
1212 2089 1387 2145 lances
1416 2107 1466 2147 et
1483 2106 1661 2162 agatur
1675 2098 1737 2152 ad
1751 2115 1906 2169 prae-

234 2176 486 2250 scriptum
514 2173 558 2246 gi.
595 2187 684 2244 13.
712 2165 853 2246 Cap.
881 2176 1220 2245 praecedent.
1246 2177 1396 2250 idque
1437 2181 1584 2253 quod
1610 2182 1659 2235 in
1687 2178 1764 2251 Μ.
1805 2201 1823 2239 1
1849 2202 1898 2247 1,

249 2279 336 2320 12.
386 2277 480 2335 13,
520 2260 714 2317 dictum
754 2274 1030 2332 repetatur
1057 2261 1286 2334 laepiuS,
1332 2266 1506 2321 donec
1545 2267 1730 2324 bilanx
1764 2288 1897 2345 pro-

235 2352 353 2407 deat
378 2347 628 2402 omnibus
661 2350 843 2404 modis
868 2348 1105 2405 absoluta
1131 2365 1183 2404 et
1207 2355 1468 2418 correcta,

381 2454 403 2494 1
428 2448 475 2509 5.
560 2432 812 2489 Tandem
838 2453 1060 2491 examen
1083 2437 1377 2510 rigorosum
1402 2439 1575 2498 subeat
1602 2443 1787 2500 bilanx.
1815 2443 1894 2504 O-

234 2536 446 2578 neretur
471 2536 687 2592 Vtraque
710 2523 833 2579 lanx
855 2537 1003 2578 tanto
1026 2526 1269 2595 pondere
1307 2543 1504 2600 quanto
1541 2530 1725 2605 scapus
1762 2533 1896 2589 suffi-

232 2612 305 2666 cit
330 2608 469 2664 ferre
501 2628 550 2669 e,
580 2625 627 2680 g.
650 2611 810 2666 cuiuis
829 2611 1136 2683 imponatur
1164 2631 1264 2668 vna
1278 2617 1458 2686 vncia,
1489 2620 1896 2690 etaequilibren-

229 2711 315 2751 tur
342 2697 531 2751 ambae
556 2697 1100 2766 exactiffime‚deinde
1131 2716 1534 2760 commutentur
1558 2707 1898 2778 lance5‚quod

231 2783 267 2839 fi
294 2782 665 2855 aequilibrium
692 2784 754 2839 iis
776 2800 984 2858 manet,
1009 2790 1144 2845 recte
1164 2789 1379 2845 sehabet
1395 2791 1591 2859 bilanx,
1620 2793 1692 2848 sm
1707 2796 1895 2863 minus,

236 2865 385 2932 Tonz.
421 2869 487 2927 11.
1111 2872 1170 2933 H
1740 2898 1892 2952 quae-
