2393 3590
570 109 700 189 448
990 101 1231 165 NVM1
1269 91 1771 161 ERYTHRAEI

572 265 681 324 sunt
705 265 1001 336 pharetrae,
1029 261 1142 315 talis
1167 256 1239 312 est
1265 268 1479 328 corytus
1506 255 1556 308 in
1580 270 1741 307 numo
1764 252 2067 327 Coenfium‚
2087 249 2237 332 (8)in

575 372 682 429 quo
705 350 1002 407 Herculem
1032 346 1178 402 Iouis
1198 342 1366 397 filium
1393 338 1717 394 consecrant.

713 440 894 517 Quam
919 434 1160 503 -antiquae
1187 427 1555 482 caeremoniae
1590 425 1968 497 religionesque
2008 431 2061 483 in
2096 426 2238 488 Her.

577 528 749 583 culem
771 524 904 595 apud
929 517 1258 590 Erythraeos
1280 515 1576 580 tenuerint,
1632 511 1902 568 Pausanias
1935 514 2238 574 declarauit.

579 611 665 685 (9)
702 613 824 666 Erat
853 609 1183 663 simulacrum
1223 601 1305 656 dei
1336 617 1447 655 non
1486 597 1775 673 Aeginaeo
1803 611 1887 654 aut
1919 596 2115 655 Attico
2151 617 2238 661 aut

577 699 862 768 Aegyptio
887 693 1113 751 Herculi
1135 688 1331 755 simile,
1370 687 1534 742 sedin
1553 686 1747 742 ratibus
1770 684 1948 741 stabat.
2045 686 2243 745 Tradi-

576 784 738 839 ditum
767 798 899 837 vero
916 781 989 834 est
1028 817 1043 848 ,
1074 778 1182 833 hoc
1203 774 1547 830 simulacrum
1571 770 1816 829 Herculis
1851 773 1917 827 ab
1946 771 2108 845 Tyro
2144 777 2236 832 de-

577 872 739 925 latum
763 870 815 922 in
837 868 1086 923 Ionicum
1112 866 1321 935 pelagus
1339 864 1565 934 primum
1593 861 1657 915 ad
1680 856 1863 915 Heran
1890 858 2126 917 Mesaten
2156 849 2242 918 ad-

575 956 771 1029 puliss'e.
807 957 884 1011 Ea
904 954 973 1008 vab
1003 953 1409 1024 Erythraeorum
1433 957 1594 1019 portu
1614 946 1922 1003 soluentibus
1945 948 1996 1001 in
2024 945 2242 1017 Chium,

577 1042 985 1117 propemodum
1034 1040 1218 1093 medio
1255 1039 1306 1091 in
1342 1030 1630 1111 cursu{fuit,
1715 1031 1861 1090 Cum
1882 1046 2017 1088 rates
2048 1052 2076 1089 a
2107 1052 2239 1106 pro-

576 1129 856 1185 montorio
887 1129 1140 1196 proxime
1166 1124 1392 1178 abeffent
1424 1163 1437 1187 ‚
1471 1121 1761 1189 Erythraei
1795 1133 1848 1174 et
1884 1119 2000 1177 Chii
2032 1121 2249 1178 diuersis

580 1216 756 1271 studiis
794 1214 857 1267 ad
891 1212 1030 1266 suum
1069 1212 1276 1281 quisque
1302 1209 1438 1260 littus
1465 1203 1749 1259 trahebant.
1835 1204 2048 1259 Interea
2081 1205 2247 1262 Phor-

579 1304 693 1355 mio
723 1300 938 1373 qnidam
964 1296 1284 1365 Erythraeus
1303 1307 1372 1346 ex
1395 1287 1596 1344 morbo
1619 1291 1783 1345 oculis
1798 1302 1980 1363 captus
2002 1288 2063 1363 (is
2082 1291 2248 1348 Phor-

578 1390 866 1443 mio-antea
894 1401 924 1436 e
941 1380 1134 1454 piscatu
1155 1381 1347 1435 vicium
1382 1374 1725 1451 quaefiuerat)
1759 1376 2056 1431 admonitus
2080 1377 2132 1430 in
2154 1377 2241 1433 so-

489 1466 491 1470 ’
577 1476 725 1527 mnio
755 1468 1078 1540 Erythraeos
1101 1467 1257 1530 adiit,
1303 1463 1538 1533 iuffitque
1563 1477 1623 1519 vt
1646 1476 1847 1518 matres
1875 1477 2094 1516 comam
2126 1474 2248 1520 ton.

582 1560 762 1613 aierent
786 1571 946 1626 atque
970 1568 1024 1608 vt
1047 1571 1114 1609 ex
1140 1571 1201 1608 ea
1216 1568 1372 1605 coma
1386 1552 1490 1604 viri
1515 1563 1782 1604 contexto
1809 1550 1929 1602 fune
1953 1561 2123 1602 ratem
2146 1562 2250 1607 tra-

572 1646 779 1699 herent.
862 1642 931 1697 Id
954 1657 1084 1696 vero
1101 1640 1339 1709 ingenuis
1378 1633 1682 1691 mulieribus
1705 1651 1814 1687 non
1841 1634 1914 1686 est
1934 1633 2248 1704 persuasum.

572 1726 745 1802 Igitur
776 1728 1056 1784 Tlireiffiie
1079 1770 1093 1797 ,
1137 1744 1267 1798 quae
1292 1724 1471 1778 liberis
1501 1735 1651 1778 natae
1682 1718 2017 1794 parentibuS‚
2045 1737 2254 1778 merce-

572 1818 780 1871 naria—m
805 1818 970 1870 vitam
995 1815 1047 1868 in
1069 1813 1204 1869 vr‘be
1221 1812 1466 1886 agebant,
1481 1808 1778 1864 tondendas
1804 1807 1851 1860 se
1878 1806 2252 1877 praebuerunt.

579 1903 665 1958 Ex
687 1920 792 1974 quo
820 1939 834 1968 ‚
873 1919 1003 1957 ¹curn
1034 1898 1514 1968 Hercules,leniter
1547 1895 1790 1967 sequente
1810 1905 1954 1960 rate,
1995 1894 2278 1964 Erythras·

581 1991 706 2043 esset
728 1990 932 2056 vestus,
971 1986 1108 2043 solas
1135 2007 1163 2041 e
1187 1986 1424 2042 Thracia
1451 1984 1695 2037 mulieres
1723 1979 1916 2032 intrare
1946 1978 2126 2034 herois
2161 1983 2251 2036 de-

580 2077 785 2130 lubrum
817 2075 1029 2130 ‘fas-fuit.
1130 2069 1453 2128 Funiculum
1489 2070 1641 2123 istum
1661 2063 1931 2119 Pausanias
1956 2065 2067 2136 ipse
2090 2066 2140 2121 se
2177 2069 2250 2122 vi-
2292 2137 2297 2142 „

582 2160 706 2215 disse
728 2161 1009 2232 praedicat.
1105 2159 1425 2215 Interseritur
1462 2156 1580 2210 huic
1622 2154 1748 2207 loco
1784 2152 1952 2204 etiam
1979 2169 2039 2207 ea
2061 2153 2250 2224 fabula,

583 2249 731 2318 quod
757 2247 994 2320 piscator
1020 2248 1130 2303 hec
1152 2244 1288 2303 faeto
1326 2242 1489 2298 visum
1523 2240 1926 2311 recuperauerit.
2021 2239 2170 2296 Haec
2200 2259 2250 2296 e-

584 2334 699 2385 nim
727 2334 945 2388 illorum
969 2348 1277 2406 temporum
1301 2329 1491 2384 insania
1516 2341 1568 2382 et
1582 2324 1855 2380 horribilis
1881 2327 2113 2382 caecitas
2129 2322 2246 2388 fuit,

585 2418 914 2474 Memoriam
965 2420 1112 2473 liuius
1148 2417 1407 2488 religionis
1448 2414 1676 2469 ioannes
1715 2411 2020 2469 Harduinus
2062 2414 2251 2468 iudicat

581 2502 955 2560 consecratam
988 2504 1129 2560 fuisse
1160 2504 1212 2558 in
1240 2517 1307 2557 eo
1339 2516 1502 2557 numo
1530 2543 1544 2570 ‚
1578 2515 1735 2572 quem
1757 2497 1986 2553 Iacobus
2019 2495 2250 2572 Sponius

2193 2603 2251 2641 m

722 2759 807 2817 (9)
838 2755 869 2802 f.
896 2771 992 2815 533·
