2393 3590
570 179 693 241 ‘310
1086 151 1202 214 DE
1249 144 1711 213 PREssroNE

565 319 731 375 soluat
757 333 856 387 na,
892 313 994 372 erit
1025 311 1197 385 pond,
1239 307 1580 376 MNzssrmp
1604 346 1618 371 ‚
1660 301 1746 358 vel
1768 300 1803 355 fi
1828 316 1861 356 a
1893 315 2002 356 non
2028 298 2087 356 fit
2108 315 2220 372 ες,

567 421 667 475 erit
693 406 1016 504 ΜΝΞ-’ἒξ
1048 432 1064 481 3
1101 412 1185 467 sed
1214 406 1435 464 calculus
1463 403 1524 456 fit
1549 401 1785 455 maxime
1810 407 2153 475 commodUS,
2182 404 2220 460 fi

567 553 602 592 a
635 531 945 603 exprimitur
969 542 1066 596 per
1086 541 1137 590 s,
1188 520 1320 574 adeo
1347 525 1401 568 vt
1425 522 1650 584 ponatur
1663 507 1749 562 vel
1773 522 1905 562 az
1930 517 2014 569 vel
2032 535 2136 572 a:
2148 530 2221 594 45

567 622 655 677 vel
679 616 848 682 ezr-Is,
894 622 1119 682 oportet
1144 619 1318 661 autem
1345 596 1641 654 mensuram
1666 593 1825 650 semel
1852 596 2224 660 affumtamre-

569 709 769 773 tinere,
807 713 860 756 et
883 713 1073 753 omnes
1099 687 1484 764 magnitudines
1508 684 1572 739 ad
1604 682 1749 738 illam
1773 682 2045 747 reducere,
2131 691 2220 748 In-

570 794 737 849 terim
763 797 904 861 patet
932 799 999 837 ex
1025 778 1297 853 praedifiis
1329 771 1571 828 formulis
1604 770 1702 826 effe
1726 768 2013 841 preffiones
2036 773 2229 832 fluido-

571 898 691 935 rum
713 879 762 930 in
799 873 1001 927 ratione
1037 863 1428 936 superficierum
1455 875 1580 931 quas
1597 870 1874 931 premunt,
1911 859 2230 919 denfitatum

572 965 859 1024 fluidorum
883 970 935 1012 et
963 952 1292 1009 celeritatum
1322 946 1713 1019 quadratorum,

730 1044 893 1106 VIII.
978 1042 1047 1098 Et
1070 1039 1198 1094 haec
1221 1036 1465 1091 hafiemls
1491 1032 1557 1086 de
1582 1029 1762 1085 fluidis
1786 1034 2231 1105 perpendiculari-

576 1151 661 1196 ter
695 1135 749 1190 in
785 1132 936 1206 plana
968 1121 1318 1181 incidentibus
1356 1137 1370 1173 τ
1397 1135 1561 1189 pauca
1587 1118 1692 1171 iam
1714 1118 1904 1173 addam
1935 1121 2078 1177 circa
2098 1121 2239 1179 casus

576 1224 815 1295 Νῆφος,
852 1231 975 1271 cum
996 1210 1247 1266 nimirum
1271 1206 1431 1260 fluida
1452 1204 1535 1257 vel
1565 1202 1776 1274 oblique
1799 1207 2022 1263 incidunt
2046 1210 2101 1264 in
2125 1211 2237 1281 pla-

580 1330 650 1368 na
679 1307 767 1364 vel
802 1303 889 1359 sub
922 1308 1228 1373 quacunque
1260 1290 1542 1343 direstione
1576 1289 1625 1341 in
1656 1287 1954 1360 superficies
1984 1311 2240 1363 quascun-

581 1414 696 1472 que,
781 1388 890 1446 Hic
924 1398 1044 1441 ante
1070 1378 1248 1435 omnia
1286 1374 1619 1430 monendum
1644 1389 1810 1445 put0,
1847 1393 2115 1451 quousque
2136 1397 2235 1436 ex..

585 1478 907 1542 tendendum
935 1472 997 1526 sit
1017 1469 1068 1523 id
1093 1463 1236 1538 quod
1263 1463 1379 1518 dixi
1407 1458 1450 1530 ᾗ.
1477 1461 1531 1517 6.
1554 1460 1752 1515 scilicet
1770 1461 1919 1534 poffe
1945 1465 2239 1522 considera.

582 1575 632 1628 ri
657 1562 982 1622 obstaculum
999 1572 1081 1609 am
1104 1565 1351 1624 tanquam
1379 1551 1636 1620 pertinens
1658 1547 1914 1622 adipsum
1942 1550 2242 1621 cylindrum

585 1650 824 1714 ABDC.
912 1641 1132 1702 Scilicet
1158 1638 1371 1692 fluidum
1395 1637 1588 1709 premit
1619 1635 1816 1706 vbique
1842 1635 2244 1709 perpendicula-

585 1744 716 1802 riter
737 1739 900 1793 latera
933 1726 1199 1803 cylindri,
1228 1736 1462 1795 excepta
1484 1721 1571 1776 illa
1597 1722 1741 1776 fluidi
1764 1734 1909 1794 parte
1934 1765 1949 1791 ‚
1983 1740 2114 1795 quae
2133 1724 2243 1789 iam

589 1827 789 1903 egreffa
820 1840 890 1877 ex
920 1816 1159 1889 cylindro
1195 1810 1364 1866 nisum
1401 1811 1524 1864 facit
1546 1820 1745 1863 tantum
1784 1808 2072 1864 secundum
2110 1811 2246 1866 dire-

591 1918 829 1974 &ionem
855 1907 1025 1962 cursus
1064 1902 1160 1966 sui,
1196 1899 1278 1971 qui
1303 1898 1336 1952 fi
1361 1913 1471 1951 non
1495 1895 1557 1949 s1t
1583 1895 2034 1968 perpendicularis
2056 1897 2120 1952 ad
2147 1897 2245 1953 ob-

590 2000 837 2062 staculum
866 1994 971 2050 erit
989 1987 1177 2065 preffio
1212 1984 1358 2040 fluidi
1384 1982 1697 2038 resoluenda
1723 1983 1778 2035 in
1800 1982 1926 2036 duas
1954 1984 2098 2051 aliaS,
2124 2001 2249 2054 qua-

589 2109 706 2151 rum
735 2086 889 2140 altera
910 2082 969 2136 sit
997 2072 1448 2150 perpendicularis
1476 2070 1540 2124 ad
1574 2069 1901 2125 obstaculum
1929 2106 1944 2131 ‚
1988 2067 2145 2123 altera
2169 2073 2243 2125 ei-

590 2183 716 2236 dem
742 2167 994 2245 parallela
1012 2202 1026 2232 ‚
1047 2162 1252 2233 solaque
1272 2159 1428 2230 prior
1453 2155 1759 2211 adhibenda.
1844 2152 2007 2208 Vnde
2028 2151 2250 2225 sequitur

595 2268 696 2321 esse
724 2257 940 2313 caeteris
968 2248 1182 2324 paribus
1210 2245 1492 2318 prestiones
1514 2244 1563 2294 in
1587 2241 1791 2292 ratione
1816 2239 1993 2309 anguli
2020 2240 2250 2297 inciden-

595 2353 697 2406 tiae
717 2346 864 2400 finus.
968 2338 1234 2393 Ponamus
1270 2345 1405 2385 nunc
1442 2323 1544 2380 effe
1584 2323 1732 2378 filum
1776 2320 1953 2381 ADB
1993 2324 2134 2400 (fig
2160 2333 2247 2405 4)

600 2437 943 2498 cuiuscunque
982 2433 1286 2477 curuaturae
1310 2449 1323 2478 >
1359 2414 1443 2467 sed
1472 2410 1611 2465 cuius
1636 2410 1768 2463 rami
1789 2409 1910 2467 AD
1938 2425 1990 2467 et
2012 2413 2121 2469 DB
2153 2415 2255 2470 fint

598 2517 793 2577 fimiles
829 2525 881 2565 et
920 2506 1164 2577 aequales
1198 2501 1424 2570 illudque
1450 2497 1701 2566 excipere
1729 2496 1947 2550 fluidum
1989 2496 2078 2553 sub
2110 2499 2248 2554 dire.

601 2606 775 2662 &ione
804 2594 914 2654 DC
950 2605 1002 2646 et
1041 2586 1300 2662 quaeritur
1347 2585 1483 2638 ratio
1522 2581 1788 2654 preffionis
1831 2583 1976 2637 fluidi
2011 2584 2076 2638 ad
2111 2581 2276 2642 illam⁴

603 2687 923 2768 preffionem
945 2695 1103 2752 quam
1138 2686 1416 2729 exerceret
1439 2668 1936 2745 perpendiculariter
1972 2670 2183 2727 fluendo
2203 2675 2254 2727 in

2127 2753 2253 2814 AB.
