2393 3590
747 215 867 279 DE
956 213 1482 278 BILANCJBVS.
1858 235 1926 300 37

281 374 668 434 conseruatura.
761 370 816 430 Si
839 375 987 430 enim
1015 374 1407 446 praeponderat
1442 374 1772 441 alterutrum,
1811 374 1945 428 indi-

282 466 417 519 cium
451 463 525 517 est
553 462 918 533 inaequalitatis
944 458 1307 521 brachiorum,
1395 461 1579 533 Itaque
1603 479 1670 514 ex
1689 478 1936 515 commu-

277 562 479 606 tatione
497 548 723 603 lancium
754 562 908 620 atque
933 548 1110 602 oneris
1126 546 1319 620 saepius
1353 550 1530 604 iterata
1555 546 1837 602 innotescit
1870 548 1945 602 iu-

278 638 350 693 sta
373 637 665 709 proportio
689 635 1041 691 brachiorum.

421 719 480 781 6
567 721 872 791 Corrigitur
898 719 1184 791 vulgariter
1212 721 1550 794 inaequalitas
1580 692 1947 787 brachiorum,
1990 728 2104 775 Tab.

284 807 324 863 si
349 823 585 863 extrema
613 809 789 863 bracl
764 826 947 862 ,iorum
968 808 1207 862 auriculls
1230 826 1263 862 a
1286 810 1617 873 instruantur,
1643 807 1946 879 quarumin-

286 895 518 951 flexione
541 910 591 950 et
613 896 907 950 reflexione
933 894 1149 948 tandem
1174 895 1539 965 aequilibrium
1576 893 1789 949 brachiis
1818 908 1948 946 con-

273 980 500 1045 ciliatur.

440 1073 495 1135 7.
581 1064 797 1121 Vitium
821 1064 995 1134 itaque
1019 1063 1092 1114 est
1115 1062 1165 1114 in
1186 1062 1390 1116 illarum
1426 1064 1710 1120 bilancium
1748 1063 1937 1137 scapiS,

278 1165 507 1223 quorum
530 1163 767 1206 extrema
789 1163 989 1204 tantum
1011 1147 1330 1201 foraminulo
1350 1161 1400 1200 et
1415 1149 1564 1202 clauo
1591 1153 1803 1205 tralefto
1819 1169 1940 1223 gau-

280 1238 410 1292 dent
433 1242 495 1291 ad
524 1238 896 1308 appendendas
917 1236 1092 1289 lances
1112 1234 1172 1301 b,
1205 1250 1494 1305 numquam
1518 1237 1656 1287 enim
1684 1235 1791 1289 hoc
1821 1254 1940 1289 mo-

280 1324 354 1378 do
380 1324 501 1395 ipsis
525 1323 818 1379 exaffitudo
844 1321 1172 1393 aequalitatis
1197 1321 1471 1374 conciliari
1492 1322 1668 1393 potest
1685 1366 1699 1391 ‚
1723 1322 1775 1375 id
1792 1324 1942 1393 quod

280 1411 337 1464 in
363 1410 658 1463 maioribus
682 1426 788 1462 non
814 1410 950 1462 adeo
976 1407 1271 1478 percipitur
1298 1427 1315 1479 3
1359 1409 1411 1462 in
1443 1408 1744 1465 minoribus
1785 1410 1935 1463 doci-

278 1496 514 1550 masticis
552 1510 684 1547 vero
733 1508 925 1562 magna
971 1493 1325 1549 incommoda
1363 1508 1518 1566 atque
1553 1513 1760 1551 errores
1785 1497 1944 1568 parit.

240 1596 244 1601 ⁷*
275 1578 614 1636 Dimidietur
639 1581 774 1633 enim
809 1581 1033 1634 duarum
1059 1579 1435 1637 drachmarum
1460 1598 1576 1652 unzi,
1601 1584 1871 1638 dimidium
1891 1600 1943 1636 e-

276 1665 355 1720 ius
381 1666 568 1720 iterum
601 1666 653 1720 in
690 1666 812 1720 duas
845 1681 1017 1738 partes
1054 1667 1290 1738 aequales
1332 1669 1627 1740 diuidatur,
1659 1671 1816 1742 idque
1838 1670 1943 1723 sae-

275 1754 389 1823 pius
412 1769 531 1807 cum
560 1753 742 1825 quouis
769 1753 990 1808 dimidio
1015 1755 1347 1809 continuetur
1374 1791 1388 1822 ,
1420 1758 1628 1813 tandem
1661 1762 1844 1811 omnia
1866 1757 1930 1809 il-

272 1838 452 1894 lorum
479 1841 783 1910 ponderum
818 1841 1037 1895 dimidia
1074 1843 1389 1896 coniunftim
1426 1843 1510 1894 vni
1534 1844 1671 1897 lanei
1689 1846 1843 1913 impo
1861 1859 1948 1896 na-

268 1938 380 1995 tur,
426 1938 478 1980 et
500 1926 748 1982 Vltimum
779 1927 1020 1998 dupletur
1040 1969 1055 1995 ‚
1113 1928 1275 1981 altera
1302 1928 1425 1982 lanx
1451 1930 1672 2000 recipiat
1694 1947 1850 1983 vnam
1883 1929 1942 1983 il-

265 2013 374 2067 lam
410 2012 723 2067 drachmam
745 2015 918 2085 primo
946 2014 1227 2068 adhibitam
1270 2055 1285 2081 ‚
1343 2029 1467 2068 tunc
1507 2017 1688 2069 vitium
1716 2016 1937 2070 bilancis

193 2134 196 2135 ν
268 2101 423 2155 facile
456 2099 809 2173 cognoscetur
843 2140 858 2168 ‚
904 2100 943 2153 fi
967 2099 1249 2154 drachmae
1284 2099 1496 2170 pondus
1530 2104 1611 2155 vel
1645 2120 1753 2156 nrn
1780 2103 1938 2155 attin-

267 2201 420 2259 gunt,
451 2189 539 2242 vel
558 2187 682 2241 illud
709 2185 972 2241 excedunt
990 2189 1098 2256 ‚cui
1123 2200 1307 2240 tamen
1332 2189 1568 2258 aequalia
1594 2190 1692 2244 effe
1718 2189 1936 2249 debent,

413 2271 470 2333 8,
563 2273 1017 2353 Quandoquidem
1059 2289 1190 2329 vero
1231 2273 1282 2327 in
1320 2274 1608 2330 maioribus
1642 2277 1822 2330 ferreis
1848 2276 1927 2329 bi-

265 2359 497 2414 lancibus
523 2357 655 2414 haec
680 2363 969 2416 incuruatio
995 2362 1077 2416 seu
1101 2361 1268 2414 flexio
1309 2377 1417 2413 non
1452 2363 1538 2416 nisi
1570 2365 1733 2435 ignita
1764 2363 1935 2418 trahis

263 2448 604 2501 extremitate
631 2446 749 2501 fieri
773 2451 978 2517 potest,
1016 2466 1088 2503 ex
1113 2465 1217 2519 quo
1243 2448 1307 2501 de
1337 2448 1584 2520 grauitate
1611 2453 1865 2504 materiae
1883 2469 1935 2504 a-

263 2533 432 2606 liquid
456 2532 663 2604 semper
690 2536 922 2605 decedit,
965 2538 1032 2589 ita
1061 2550 1114 2589 vt
1139 2534 1265 2588 iusta
1303 2540 1593 2605 proportio
1625 2538 1805 2591 haberi
1847 2555 1932 2591 ne„

265 2634 419 2691 queat
447 2622 706 2693 grauitatis
732 2623 962 2692 aequalis
990 2622 1363 2689 brachiorum3
1397 2622 1447 2674 in
1475 2625 1772 2679 minoribus
1794 2642 1929 2678 vero

267 2706 547 2763 bilancibus
576 2725 620 2762 e.
656 2726 746 2782 gr,
785 2709 1139 2765 docimasticis
1170 2706 1326 2762 facile
1350 2707 1653 2784 frangantur
1678 2713 1930 2766 auriculae

1023 2797 1072 2855 E
1119 2810 1148 2869 3
1669 2852 1678 2858 ,
1739 2800 1930 2854 flexio-

2141 729 2207 777 ΙΙ.
