2393 3590
556 127 673 204 388
1205 127 1342 189 -DE
1376 127 1600 190 PENE.

638 285 783 342 culae
809 284 993 360 prioris
1021 282 1387 359 portiunculam
1421 281 1742 336 membranae
1764 323 1778 349 ‚
1811 296 1917 356 qua
1940 298 2118 339 neruus
2140 283 2216 338 in-

639 374 840 446 tegitur.
925 370 1067 428 Erat
1090 370 1208 424 haec
1234 367 1449 439 vulgari
1473 365 1600 420 oculo
1626 365 1905 437 nigricans,
1940 371 1990 425 in
2016 370 2206 444 quani.
2268 403 2276 411 .

637 458 714 513 hil
726 457 908 512 licebat
935 456 1240 530 distinguere.
1275 453 1521 524 Beneficio
1549 449 1731 507 collec‘Zi
1752 450 1948 507 litininis
1973 498 1988 524 ,
2022 465 2072 511 et
2091 453 2215 529 sub.

617 541 855 619 fidiorum
882 543 999 598 oculi
1008 539 1183 615 facies
1210 538 1460 616 apparuit
1479 538 1642 611 priori
1654 537 1912 615 simillima
1929 582 1943 609 ,
1977 541 2064 616 nisi
2092 539 2222 615 quod

634 630 923 685 micantium
942 626 1230 703 punitorum
1254 627 1393 700 longe
1415 624 1522 702 visa
1538 623 1614 702 fit
1631 625 1913 700 pauperior
1940 624 2061 684 haec
2085 636 2209 701 por-

633 715 857 772 tiuncula.

554 817 614 885 4.
650 801 886 877 Denique
909 801 1145 876 repetitis
1169 801 1556 870 tentaminibus‚
1600 799 1922 876 adhibitaque
1960 816 2087 857 cura
2106 843 2120 870 ,
2152 809 2219 856 vt

618 889 893 965 secundum
898 889 1064 963 fibrae
1083 888 1426 962 longitudinem
1453 887 1825 965 abscinderetur
1844 887 1990 963 filum
2024 888 2211 942 micro-

624 975 804 1052 stopio
829 975 1120 1052 aptandum,
1152 975 1306 1029 licuit
1340 984 1389 1029 et
1413 973 1506 1030 hoc
1531 975 1793 1049 percipere
1815 995 1832 1044 3
1850 974 2025 1045 strias
2059 972 2216 1049 obscu-

641 1065 832 1133 riores,
881 1061 1050 1138 quales
1072 1063 1222 1116 iuxta
1247 1061 1385 1117 nerui
1405 1061 1745 1135 longitudinem
1764 1059 2034 1133 porrectas
2086 1060 2218 1116 vidi-

647 1166 758 1204 mus
805 1167 851 1203 n.
884 1164 938 1206 2.
974 1150 1134 1203 etiam
1170 1148 1305 1202 inter
1327 1146 1438 1220 sese
1473 1145 1683 1201 conneffl
1724 1147 1834 1202 aliis
1863 1147 2223 1219 gracilioribus

645 1235 939 1291 lateraliter
949 1232 1361 1310 discurrentibus,
1382 1243 1486 1287 rete
1487 1232 1643 1305 simul
1661 1232 2056 1303 elegantiſjimum
2071 1243 2118 1288 et
2141 1235 2216 1289 in-

647 1321 1052 1393 ordinatiffinium
1066 1316 1424 1390 referentibus,
1465 1316 1705 1390 Vsussum
1728 1315 2080 1393 microfiopio,
2096 1318 2229 1393 quod

643 1409 806 1462 tenuis
814 1406 907 1479 pili
921 1404 1112 1475 craffiti
1117 1422 1190 1458 em
1200 1404 1765 1459 adlineaelatitudinem
1780 1403 2098 1472 extendebat,
2109 1423 2224 1479 neq3

643 1502 813 1547 tamen
825 1490 1096 1546 excedebat
1103 1489 1348 1546 tractuum
1361 1490 1704 1565 obscuriorum
1716 1490 1814 1546 lati
1819 1489 1939 1545 tudo
1933 1487 2139 1564 stibtilis
2144 1493 2230 1564 pi-

638 1576 904 1650 lispeciem.
925 1577 1062 1634 Illud
1070 1576 1170 1631 dici
1191 1593 1282 1632 non
1295 1579 1665 1652 potest,quanta
1678 1578 1893 1631 micanti
1901 1593 1981 1630 um
1996 1579 2229 1648 particu-

642 1663 821 1720 larum
837 1666 990 1738 copia
1005 1666 1310 1739 apparuerit
1326 1663 1435 1737 ,etfi
1444 1664 1587 1735 filum
1607 1664 1689 1718 hoc
1706 1679 1940 1718 nerueum
1947 1661 2168 1737 fimplici
2181 1680 2232 1718 o-

645 1750 751 1806 culo
760 1760 959 1807 tantum
979 1767 1072 1806 non
1096 1748 1349 1825 exfieccum
1362 1749 1642 1806 videretur.
1652 1743 1710 1804 V
1702 1750 1894 1805 [timum
1906 1749 1994 1804 hoc
2005 1749 2223 1824 phaenoss

648 1853 849 1908 necnon,
871 1841 1052 1913 prima
1079 1839 1220 1907 vice,
1255 1854 1355 1913 qua
1366 1838 1588 1912 pluuium
1613 1847 1811 1908 tempus
1835 1843 1983 1905 erat,
2023 1836 2099 1892 ad
2112 1851 2234 1893 can-

651 1923 789 1979 delae
795 1926 1069 1999 flammam
1093 1924 1369 1998 obseruaui,
1459 1922 1618 1994 Nosti
1655 1933 1824 1978 autem
1861 1966 1875 1989 ‚
1921 1923 2127 1994 quoties
2162 1925 2232 1980 ad

648 2008 705 2064 id
714 2008 890 2083 sereno
918 2010 1040 2064 coelo
1057 2009 1370 2083 postmodum
1396 2010 1731 2073 attendimus,
1765 2007 1817 2061 id
1832 2004 1999 2077 fimile
2014 2008 2151 2063 nobis
2177 2021 2226 2066 et

656 2098 880 2170 constans
902 2095 1196 2168 apparuisje.
1215 2091 1480 2150 Hacstenus
1501 2093 1688 2149 Celeb.
1715 2091 2083 2166 Biilffingerus.

296 2211 521 2257 smminis
726 2179 811 2238 Ea
854 2182 1108 2251 sanguinis
1142 2183 1342 2237 tenacis
1381 2182 1532 2251 copia
1559 2181 1830 2250 Elephanti
1866 2181 2218 2249 gemit-aleine-

297 2256 534 2334 etvf‘iserum
573 2269 796 2325 brintum
835 2288 893 2323 ac
928 2269 1201 2324 infaustum
1240 2265 1609 2338 deprehensum
1650 2267 1722 2319 est
1749 2309 1762 2334 ,
1803 2279 1862 2320 vt
1887 2285 1954 2321 ex
1974 2266 2083 2321 hoc
2114 2267 2229 2323 solo

296 2347 432 2405 copia.
577 2357 921 2409 iudicauerz'm
946 2356 1010 2408 de
1034 2358 1195 2427 copia
1224 2369 1275 2407 et
1299 2352 1655 2421 magnitudine
1676 2351 1914 2407 vasorum
1945 2354 2008 2408 ad
2033 2368 2228 2409 tantam

575 2433 689 2496 vim
734 2441 1014 2494 humorum
1070 2454 1181 2494 tam
1221 2440 1572 2493 aduehendum
1611 2456 1763 2508 quam
1806 2439 2185 2494 resorbendam
2216 2485 2229 2510 ,

576 2539 736 2597 prout
777 2526 939 2578 etiam
979 2525 1205 2579 diflectio
1246 2526 1558 2595 iniectioque
1590 2524 1981 2597 comprobauit,
2071 2521 2232 2580 Prae-

581 2613 732 2681 cipua
764 2626 932 2665 antem
976 2628 1095 2664 cura
1125 2612 1222 2666 fuit
1257 2655 1270 2679 ‚
1313 2627 1493 2665 veram
1533 2611 2039 2679 inuestigandihnins
2067 2614 2234 2684 partis

581 2698 1301 2770 angeinlogiaminteriorem
1328 2698 1785 2770 exterioremque:
1809 2696 2049 2754 vasorum
2066 2699 2233 2753 diuer-

2153 2785 2228 2840 sas
