2393 3590
251 599 434 664 Pham.
458 616 523 661 13-

557 133 693 202 244
1109 113 1230 177 DE
1319 111 1675 177 TVBVLJS

553 268 720 348 Paris.
755 271 819 329 ad
863 264 942 328 A.
980 280 1156 354 1714.
1184 294 1239 349 p.
1269 283 1369 344 71.
1395 270 1545 346 seqq.
1634 267 1825 333 Fluida
1857 270 2046 332 leuiora
2080 287 2216 352 cete-

555 361 625 415 ris
647 361 862 432 paribus
888 357 1049 417 altius
1074 364 1261 418 eleuari
1287 360 1508 433 sequitur
1537 375 1605 414 ex
1632 358 1942 432 hypothefi,
1987 376 2040 417 et
2063 361 2129 417 ab
2152 364 2229 418 in.

557 461 778 504 uentore
817 447 930 520 ipso
968 448 1186 507 infertur
1220 469 1234 504 z
1274 448 1439 503 sedin
1465 444 1839 512 experimentis
1859 447 2224 522 cognoscitur,

789 559 1076 633 13.Fluida
1108 561 1357 636 specifice
1392 559 1599 613 leuiora
1624 599 1640 627 ,
1681 559 1866 613 vinum
1909 572 1959 614 et
2000 561 2078 634 sp,
2115 564 2230 620 vini

554 650 727 705 minus
766 648 868 703 alte
903 651 1122 715 eleuari‚
1167 665 1325 718 quam
1363 663 1573 716 aquam.
1662 639 1755 699 Sic
1788 648 2025 720 exempli
2060 654 2228 719 gratia

553 738 682 803 vidi,
720 737 1050 790 eleuationes
1079 735 1135 787 in
1166 732 1348 804 spiritu
1365 733 1477 787 vini
1503 774 1520 803 ‚
1561 731 1694 787 vino
1718 731 1914 803 ruhte,
1949 733 2005 790 et
2025 752 2153 809 aqua
2177 737 2231 793 se

552 822 783 881 habuiffe
819 831 1093 898 vt4,7‚et
1119 833 1212 887 12.

691 910 871 981 Igitur
896 920 982 962 aut
998 905 1249 962 sententia
1269 907 1649 963 detrimentum
1675 906 1892 979 patietur
1914 921 2024 977 ,aut
2049 908 2233 966 dicen-

557 996 683 1051 dum
712 997 807 1050 erit
828 1036 843 1063 ,
866 1007 1046 1050 cetera
1070 1011 1178 1048 non
1205 992 1308 1047 effe
1333 996 1480 1065 paria
1503 1014 1522 1063 3
1557 995 1700 1065 quod
1727 996 1793 1049 de
1826 994 1957 1050 oleis
1986 1014 2096 1054 non
2122 994 2223 1052 dif-

553 1082 760 1139 ficulter
787 1080 1129 1148 concessero,
1161 1095 1391 1151 quorum
1407 1081 1539 1153 fingi
1555 1082 1732 1136 minor
1758 1082 2080 1140 diuifibilitas
2103 1096 2230 1156 pot-

558 1173 633 1227 est
657 1191 671 1225 t
696 1188 760 1224 an
788 1170 856 1222 de
878 1169 1035 1233 vinO,
1071 1179 1127 1220 et
1154 1166 1328 1237 spiritu
1354 1169 1464 1221 vini
1489 1168 1637 1220 idem
1661 1171 1869 1236 valeat,
1907 1187 2015 1224 non
2044 1173 2232 1228 dixero

560 1275 688 1313 cum
712 1254 927 1309 fiducia.
1009 1252 1163 1319 Illud,
1184 1250 1390 1319 fateor,
1418 1270 1510 1306 me
1536 1254 1751 1306 anxium
1784 1255 2234 1328 habere,quomo-

561 1345 636 1399 do
657 1343 754 1396 dici
777 1339 968 1412 poffit‚
1015 1337 1158 1408 quod
1182 1377 1214 1405 „
1240 1348 1387 1392 totus
1420 1337 1509 1391 ille
1532 1338 1876 1408 globulorum
1928 1342 2079 1399 orbis
2098 1387 2113 1414 ‚
2147 1346 2232 1418 qui

562 1424 1082 1500 „circumferentiam
1108 1423 1333 1494 supremi
1355 1424 1554 1478 orificii
1581 1425 1781 1479 fistulae
1806 1443 2073 1497 occupat,
2107 1449 2231 1485 cum

560 1529 718 1586 „tota
741 1510 1080 1585 globulorum
1102 1523 1284 1565 catena
1305 1510 1397 1565 fibi
1419 1511 1922 1583 perpendiculariter
1944 1514 2235 1570 imminen-

564 1615 667 1671 „te
695 1617 785 1655 am
809 1636 824 1667 ‚
857 1596 923 1652 bn
954 1633 970 1665 ,
998 1615 1225 1670 omnem·
1247 1598 1383 1654 suam
1411 1598 1729 1670 preflionem
1757 1601 2001 1654 terminet
2022 1600 2074 1650 in
2096 1597 2231 1652 sum-

559 1690 781 1758 „mitate
812 1688 1043 1741 laterum
1080 1685 1285 1740 fistulae
1327 1728 1342 1754 ‚
1383 1703 1547 1756 neque
1572 1683 1727 1756 poffit
1748 1685 2052 1757 pertingere
2079 1685 2143 1739 ad
2168 1685 2231 1739 li-

555 1791 823 1848 „quorem
860 1773 1142 1829 subiectum
1166 1789 1261 1847 qr,
1308 1774 1393 1845 qui
1413 1773 1642 1845 proinde
1660 1787 1721 1825 ea
1742 1783 1943 1827 tantum
1967 1771 2233 1844 preffione

560 1862 895 1932 „afficiatun
936 1879 1070 1933 quae
1093 1860 1363 1934 proficisci
1387 1859 1538 1933 poffit
1561 1877 1592 1914 a
1625 1858 1868 1929 cylindro
1903 1875 2090 1928 aereO,
2127 1860 2233 1914 dia-

561 1965 834 2021 „metrum
864 1958 943 2021 op,
976 1948 1063 2003 sex
1086 1949 1348 2002 duntaxat
1370 1947 1711 2020 globulorum
1739 1945 2081 2015 obtinente„
2115 1944 2238 2000 Aut

566 2050 713 2092 totus
736 2035 826 2089 ille
853 2037 1065 2089 annulus
1086 2035 1426 2105 cylindricus‚
1442 2034 1611 2105 spatio
1633 2047 1699 2104 oq
1718 2034 1807 2086 vel
1823 2043 1898 2103 pr
1913 2033 2230 2085 circaaxem

568 2137 749 2178 rotato
778 2122 976 2193 genitus
1004 2139 1128 2175 aere
1153 2137 1345 2174 vacuus
1369 2119 1662 2189 concipitur
1696 2157 1711 2186 ,
1768 2130 1852 2172 aut
1882 2133 2019 2175 non:
2064 2116 2232 2173 Siva-

569 2228 692 2265 cuus
724 2251 740 2276 ‚
784 2225 879 2261 cur
914 2225 1025 2262 non
1062 2209 1127 2261 ad
1172 2208 1495 2261 altitudinem
1530 2217 1609 2278 30
1631 2204 1827 2275 pedum
1855 2203 2082 2258 ascendit·
2101 2220 2233 2276 aqua

570 2299 707 2351 vitro
737 2295 1024 2365 contigua,
1077 2295 1317 2365 adeoque
1339 2295 1401 2346 ad
1425 2289 1722 2363 supremam
1750 2308 1914 2362 Vsque
1936 2291 2096 2347 tubuli
2127 2308 2223 2347 ex-

566 2384 895 2436 tremitatem
922 2377 946 2432 ἓ
973 2378 1025 2434 Si
1041 2398 1241 2436 vacuus
1269 2399 1282 2434 ε
1319 2382 1429 2451 quis
1464 2380 1535 2434 ita
1558 2379 1806 2433 ordinate
1831 2378 2084 2448 globulos
2108 2378 2223 2432 col-

569 2466 772 2521 locauit
795 2467 969 2517 aerios
995 2502 1009 2531 ‚
1054 2482 1111 2520 vt
1134 2470 1184 2519 in
1205 2467 1341 2518 nulla
1366 2465 1646 2535 cylindruli
1671 2464 1901 2521 sedtione
1929 2477 2098 2518 totam
2121 2463 2235 2518 tubi

574 2551 897 2609 latitudinem
919 2564 1214 2621 occupent,
1263 2553 1313 2602 in
1339 2565 1479 2603 tanta
1504 2551 1788 2619 praecipue
1823 2551 1952 2601 aeris
1992 2549 2234 2617 agitatio-

573 2658 641 2696 ne
664 2639 861 2694 interna
883 2649 935 2691 et
954 2636 1159 2693 elateris
1185 2637 1237 2692 vi
1272 2631 1293 2689 ἓ
1339 2635 1390 2693 Si
1414 2651 1634 2691 vacuus:
1666 2651 1755 2689 cur
1782 2634 1838 2689 in
1864 2631 2084 2709 spatium
2105 2637 2232 2692 illud

2073 2740 2233 2780 annu-
