2393 3590
300 1435 556 1497 Phaenss-

1226 22 1241 44 Ἃ

591 150 716 214 268
1138 145 1258 211 DE
1345 148 1702 216 TVBVLIS

592 305 762 379 „quia
798 302 880 360 vis
908 303 1227 364 adhaesionis
1253 311 1577 365 mensuratur
1600 328 1628 365 a
1651 309 2006 383 contactibus,
2032 324 2086 369 et
2120 312 2250 373 ideo

592 391 954 467 „asttpeJficie
972 393 1177 449 interna
1202 395 1617 450 canaliculorum
1652 415 1668 467 3
1709 414 1740 450 e
1763 413 1948 454 contra
1971 402 2250 458 resistentia

590 476 952 548 „mensuratur
980 498 1008 534 a
1032 482 1276 550 pondere
1300 481 1522 551 cylindri
1554 483 1704 551 aquei
1725 489 1963 539 contenti
1983 487 2036 542 in
2059 488 2251 545 iisdem

593 564 984 634 „canaliculis3
1018 567 1194 638 estque
1227 568 1513 639 proportio
1551 566 1917 638 cylindrorum
1961 590 2249 644 aqueorum

587 652 866 720 „eiusdem
889 651 1166 707 altitudinis
1187 653 1455 725 duplicata
1475 651 1583 710 eius
1606 655 1827 709 rationis
1845 692 1858 721 ‚
1878 673 2033 728 quam
2054 658 2248 718 habent

585 755 811 807 „eorum
841 739 1117 809 perimetri
1143 740 1380 795 internae
1418 752 1567 809 etc„
1656 738 1902 814 Intenfiue
1947 751 2250 817 „quoniam

587 822 836 894 „facultas
862 837 914 876 et
944 824 1160 893 energia
1183 825 1508 881 adhaesionis
1531 827 1702 884 minus
1720 827 1917 883 efficax
1939 831 2014 885 est
2031 867 2046 898 ‚
2081 849 2242 904 quan-

587 923 691 978 „to
716 910 886 981 magis
906 925 934 962 a
957 910 1248 981 parietibus
1273 926 1628 983 remouetur.„
1713 916 1978 988 Equidem
2001 918 2084 974 hic
2109 962 2124 989 ‚
2160 921 2249 977 nist

584 1012 672 1050 me
693 998 870 1051 omnia
894 993 1076 1055 fallunt
1104 1032 1119 1063 ,
1169 998 1412 1054 adhaesio
1448 1001 1807 1057 consideratur
1832 1002 2068 1076 respectu
2095 1008 2254 1064 totius

582 1080 880 1154 superficiei
908 1083 1167 1149 internae,
1207 1102 1362 1156 quam
1386 1103 1518 1159 aqua
1546 1090 1826 1157 contingit.

718 1167 980 1225 XXXV.
1064 1165 1228 1224 Secus
1259 1188 1378 1225 rem
1415 1173 1631 1227 definire
1664 1172 1904 1244 videtur,
1954 1194 2073 1234 cum
2097 1179 2252 1236 alteri

579 1256 959 1328 phaenomeno
983 1255 1301 1326 explicando
1336 1257 1618 1312 incumbit.
1701 1259 1981 1317 Memorat
2014 1263 2247 1339 Propos.

593 1338 660 1400 18
671 1352 801 1414 7.p.
822 1354 969 1417 241.

828 1439 857 1497 3
876 1437 919 1497 5.
1009 1421 1240 1498 Aquam
1274 1427 1330 1483 in
1355 1428 1524 1484 fistula
1552 1431 1727 1503 magis
1765 1433 2001 1490 demersa
2030 1454 2138 1492 non
2167 1437 2240 1493 al·

584 1516 678 1569 tius
706 1512 927 1580 eleuarl,
969 1528 1131 1584 quam
1155 1515 1205 1569 in
1231 1532 1292 1570 ea
1315 1558 1328 1584 ,
1364 1533 1494 1587 quae
1524 1533 1709 1588 aquam
1736 1531 1819 1573 aut
1843 1536 2018 1575 aerem
2048 1526 2246 1594 tangit;

583 1601 703 1672 quin
724 1601 839 1653 imo
864 1613 984 1669 pag.
1014 1597 1114 1672 seq.
1139 1603 1318 1668 tradit,
1338 1620 1528 1674 aquam
1554 1605 1606 1656 in
1644 1621 1763 1658 aere
1794 1604 1948 1658 altius
1985 1604 2252 1677 suspendi,

582 1704 740 1759 quam
765 1701 889 1740 cum
914 1686 1128 1744 inferius
1152 1688 1418 1744 orificium
1447 1705 1608 1760 aquae
1636 1691 1996 1761 immergitur.

722 1773 810 1831 Vt
833 1771 962 1826 haec
989 1789 1113 1829 cum
1140 1775 1447 1830 adhaesione
1473 1791 1633 1846 aquae
1666 1777 1730 1831 ad
1756 1776 1882 1830 vitri
1907 1777 2067 1832 latera
2088 1780 2239 1834 redu-

583 1874 664 1915 cat
687 1861 739 1914 in
766 1861 1165 1928 concordiam,
1218 1863 1492 1917 contend't
1516 1904 1530 1931 ,
1567 1879 1751 1933 aquam
1786 1862 1958 1918 fistula
1994 1882 2246 1937 compre-

578 1946 837 2014 hensam„
859 1961 949 2001 non
972 1948 1126 2003 reddi
1156 1947 1382 2004 leuiorem
1407 1949 1459 2003 oh
1499 1950 1757 2004 internmn
1787 1948 2237 2023 contafft'umfistu-

572 2029 749 2104 ¹¹„lae3
780 2051 903 2087 nam
927 2036 1192 2090 internam
1214 2036 1409 2091 fistulae
1421 2035 1728 2113 superficiem
1752 2079 1766 2105 ‚
1793 2054 1914 2091 cum
1940 2038 2003 2089 fit
2037 2037 2242 2091 madida

580 2119 750 2191 „nihil
764 2130 852 2173 aut
871 2129 1048 2191 parum
1075 2121 1319 2195 impedire
1347 2125 1453 2177 vim
1474 2123 1756 2195 grauitatis
1779 2137 1938 2190 aquae
1966 2133 2244 2177 contentae

576 2210 745 2277 „intra
771 2206 996 2260 fistulam
1025 2228 1039 2279 3
1079 2222 1263 2280 patere
1303 2211 1356 2263 id
1389 2211 1762 2281 experimento
1809 2247 1823 2273 ‚
1899 2223 2020 2261 cum
2043 2209 2094 2260 in
2120 2225 2244 2265 aere

572 2290 950 2361 „transferatur
974 2295 1153 2364 fistula,
1180 2309 1304 2349 tunc
1325 2297 1467 2350 enim
1496 2308 1685 2361 aquam
1715 2294 1847 2345 intra
1880 2295 2154 2349 cauitatem
2181 2313 2233 2349 e-

579 2381 694 2447 „ius
724 2379 997 2431 madidam
1023 2381 1190 2434 libere*
1209 2382 1417 2434 moueri·
1433 2392 1484 2431 et
1513 2374 1824 2431 descendere
1851 2397 1863 2431 z
1891 2381 2239 2451 praecipuum

577 2464 1051 2534 „impedimentum
1078 2467 1129 2517 in
1155 2473 1386 2518 extremo
1401 2460 1605 2536 fistulae
1627 2464 1811 2531 orificio
1839 2468 2066 2536 reperiri
2093 2487 2108 2533 ·‚
2134 2485 2241 2522 non

576 2551 750 2619 „intra
779 2564 967 2618 aquam
988 2589 1001 2614 ,
1030 2547 1113 2602 sed
1137 2550 1412 2621 postquam
1438 2567 1618 2602 aerem
1658 2553 1960 2622 contigerit,
1990 2593 2021 2619 ‚‚
2106 2554 2245 2610 Vult

575 2639 718 2689 enim
749 2635 961 2688 infimas
978 2651 1135 2704 aquae
1146 2636 1428 2704 particulas
1453 2635 1585 2706 quasi
1601 2635 1804 2706 aliquod
1834 2651 1943 2692 rete
1967 2635 2165 2692 tensum
2191 2655 2251 2697 et

576 2722 814 2778 resistens
838 2719 1156 2776 constituere
1175 2724 1225 2777 in
1251 2724 1433 2778 libero
1457 2738 1577 2777 aere
1606 2763 1618 2787 ,
1663 2725 1747 2777 cui
1773 2723 1909 2778 adeo
1945 2725 2091 2779 inniti·
2111 2743 2252 2797 por-

2105 2826 2245 2869 tumi-
