<?xml version="1.0" encoding="UTF-8"?>
<!DOCTYPE html PUBLIC "-//W3C//DTD XHTML 1.0 Transitional//EN"
    "http://www.w3.org/TR/xhtml1/DTD/xhtml1-transitional.dtd">
<html xmlns="http://www.w3.org/1999/xhtml" xml:lang="en" lang="en">
 <head>
  <title>
</title>
<meta http-equiv="Content-Type" content="text/html;charset=utf-8" />
  <meta name='ocr-system' content='tesseract 3.04.00' />
  <meta name='ocr-capabilities' content='ocr_page ocr_carea ocr_par ocr_line ocrx_word'/>
</head>
<body>
  <div class='ocr_page' id='page_1' title='image "./commentariiacade02impe_0479.png"; bbox 0 0 2393 3590; ppageno 0'>
   <div class='ocr_carea' id='block_1_1' title="bbox 695 171 1831 270">
    <p class='ocr_par' dir='ltr' id='par_1_1' title="bbox 695 171 1831 270">
     <span class='ocr_line' id='line_1_1' title="bbox 695 171 1831 270; baseline 0.011 -35"><span class='ocrx_word' id='word_1_1' title='bbox 695 172 906 235; x_wconf 72' lang='lat' dir='ltr'><em>sLLV</em></span> <span class='ocrx_word' id='word_1_2' title='bbox 902 172 945 233; x_wconf 84' lang='lat' dir='ltr'><strong><em>S</em></strong></span> <span class='ocrx_word' id='word_1_3' title='bbox 954 171 1244 235; x_wconf 78' lang='lat' dir='ltr'><strong><em>TRATV</em></strong></span> <span class='ocrx_word' id='word_1_4' title='bbox 1241 175 1301 238; x_wconf 84' lang='lat' dir='ltr'>S.</span> <span class='ocrx_word' id='word_1_5' title='bbox 1704 189 1831 270; x_wconf 76' lang='lat'>467</span> 
     </span>
    </p>
   </div>
   <div class='ocr_carea' id='block_1_2' title="bbox 156 330 1841 2916">
    <p class='ocr_par' dir='ltr' id='par_1_2' title="bbox 169 330 1841 1796">
     <span class='ocr_line' id='line_1_2' title="bbox 182 330 1837 413; baseline -0.004 -14"><span class='ocrx_word' id='word_1_6' title='bbox 182 341 515 413; x_wconf 83' lang='lat' dir='ltr'>Polypoeten</span> <span class='ocrx_word' id='word_1_7' title='bbox 543 331 733 387; x_wconf 87' lang='lat' dir='ltr'>ducem</span> <span class='ocrx_word' id='word_1_8' title='bbox 758 330 913 388; x_wconf 87' lang='lat' dir='ltr'>secuti</span> <span class='ocrx_word' id='word_1_9' title='bbox 937 332 1056 388; x_wconf 90' lang='lat' dir='ltr'>sunt</span> <span class='ocrx_word' id='word_1_10' title='bbox 1079 332 1139 388; x_wconf 85' lang='lat' dir='ltr'>ad</span> <span class='ocrx_word' id='word_1_11' title='bbox 1154 331 1352 389; x_wconf 88' lang='lat' dir='ltr'>bellum</span> <span class='ocrx_word' id='word_1_12' title='bbox 1381 332 1837 409; x_wconf 85' lang='lat' dir='ltr'>Troianum,Ho-</span> 
     </span>
     <span class='ocr_line' id='line_1_3' title="bbox 179 416 1829 492; baseline 0.002 -10"><span class='ocrx_word' id='word_1_13' title='bbox 179 444 331 489; x_wconf 88' lang='lat' dir='ltr'>mero</span> <span class='ocrx_word' id='word_1_14' title='bbox 353 425 508 491; x_wconf 87' lang='lat' dir='ltr'>teste,</span> <span class='ocrx_word' id='word_1_15' title='bbox 545 416 821 492; x_wconf 88' lang='lat' dir='ltr'>Gyrtonii.</span> <span class='ocrx_word' id='word_1_16' title='bbox 906 419 978 488; x_wconf 87' lang='lat' dir='ltr'>Is,</span> <span class='ocrx_word' id='word_1_17' title='bbox 1005 421 1199 479; x_wconf 90' lang='lat' dir='ltr'>eodem</span> <span class='ocrx_word' id='word_1_18' title='bbox 1222 421 1362 490; x_wconf 87' lang='lat' dir='ltr'>teste,</span> <span class='ocrx_word' id='word_1_19' title='bbox 1378 421 1606 481; x_wconf 82' lang='lat' dir='ltr'>Pirithoi</span> <span class='ocrx_word' id='word_1_20' title='bbox 1628 441 1738 483; x_wconf 90' lang='lat' dir='ltr'>erat</span> <span class='ocrx_word' id='word_1_21' title='bbox 1766 430 1829 485; x_wconf 82' lang='lat' dir='ltr'>fi-</span> 
     </span>
     <span class='ocr_line' id='line_1_4' title="bbox 173 501 1841 582; baseline -0.001 -9"><span class='ocrx_word' id='word_1_22' title='bbox 173 520 288 582; x_wconf 62' lang='lat' dir='ltr'>lim,</span> <span class='ocrx_word' id='word_1_23' title='bbox 320 510 579 568; x_wconf 82' lang='lat' dir='ltr'>Pirithous</span> <span class='ocrx_word' id='word_1_24' title='bbox 601 507 752 564; x_wconf 81' lang='lat' dir='ltr'>Iouis,</span> <span class='ocrx_word' id='word_1_25' title='bbox 842 501 993 563; x_wconf 85' lang='lat' dir='ltr'>Nam</span> <span class='ocrx_word' id='word_1_26' title='bbox 1017 507 1172 578; x_wconf 84' lang='lat' dir='ltr'>alii‚vt</span> <span class='ocrx_word' id='word_1_27' title='bbox 1187 504 1457 567; x_wconf 81' lang='lat' dir='ltr'>Pausanias</span> <span class='ocrx_word' id='word_1_28' title='bbox 1479 524 1530 567; x_wconf 88' lang='lat' dir='ltr'>et</span> <span class='ocrx_word' id='word_1_29' title='bbox 1551 514 1699 569; x_wconf 68' lang='lat' dir='ltr'>doeti</span> <span class='ocrx_word' id='word_1_30' title='bbox 1714 514 1841 573; x_wconf 88' lang='lat' dir='ltr'>Cri-</span> 
     </span>
     <span class='ocr_line' id='line_1_5' title="bbox 173 592 1839 672; baseline 0.001 -13"><span class='ocrx_word' id='word_1_31' title='bbox 173 604 268 660; x_wconf 89' lang='lat' dir='ltr'>tici</span> <span class='ocrx_word' id='word_1_32' title='bbox 291 598 573 672; x_wconf 90' lang='lat' dir='ltr'>Apollonii</span> <span class='ocrx_word' id='word_1_33' title='bbox 595 592 802 663; x_wconf 84' lang='lat' dir='ltr'>Rhodii,</span> <span class='ocrx_word' id='word_1_34' title='bbox 819 593 990 651; x_wconf 84' lang='lat' dir='ltr'>Diam</span> <span class='ocrx_word' id='word_1_35' title='bbox 1015 593 1241 652; x_wconf 88' lang='lat' dir='ltr'>Pirithoi</span> <span class='ocrx_word' id='word_1_36' title='bbox 1268 610 1497 655; x_wconf 85' lang='lat' dir='ltr'>matrem</span> <span class='ocrx_word' id='word_1_37' title='bbox 1520 600 1637 657; x_wconf 91' lang='lat' dir='ltr'>Ioui</span> <span class='ocrx_word' id='word_1_38' title='bbox 1664 602 1839 661; x_wconf 89' lang='lat' dir='ltr'>succu-</span> 
     </span>
     <span class='ocr_line' id='line_1_6' title="bbox 179 679 1838 765; baseline 0.001 -19"><span class='ocrx_word' id='word_1_39' title='bbox 179 688 341 746; x_wconf 80' lang='lat' dir='ltr'>buiffe</span> <span class='ocrx_word' id='word_1_40' title='bbox 381 687 546 741; x_wconf 89' lang='lat' dir='ltr'>ferunt</span> <span class='ocrx_word' id='word_1_41' title='bbox 571 724 584 750; x_wconf 90' lang='lat'>‚</span> <span class='ocrx_word' id='word_1_42' title='bbox 639 681 728 736; x_wconf 86' lang='lat' dir='ltr'>alii</span> <span class='ocrx_word' id='word_1_43' title='bbox 754 679 934 737; x_wconf 85' lang='lat' dir='ltr'>Ixioni</span> <span class='ocrx_word' id='word_1_44' title='bbox 968 684 1163 739; x_wconf 88' lang='lat' dir='ltr'>marito</span> <span class='ocrx_word' id='word_1_45' title='bbox 1190 683 1367 741; x_wconf 87' lang='lat' dir='ltr'>filium</span> <span class='ocrx_word' id='word_1_46' title='bbox 1402 686 1539 742; x_wconf 89' lang='lat' dir='ltr'>hunc</span> <span class='ocrx_word' id='word_1_47' title='bbox 1575 690 1838 765; x_wconf 74' lang='lat' dir='ltr'>peperisse</span> 
     </span>
     <span class='ocr_line' id='line_1_7' title="bbox 176 766 1836 848; baseline 0.002 -17"><span class='ocrx_word' id='word_1_48' title='bbox 176 777 403 842; x_wconf 83' lang='lat' dir='ltr'>tradunt,</span> <span class='ocrx_word' id='word_1_49' title='bbox 423 773 473 825; x_wconf 89' lang='lat' dir='ltr'>in</span> <span class='ocrx_word' id='word_1_50' title='bbox 497 767 677 840; x_wconf 88' lang='lat' dir='ltr'>quibus</span> <span class='ocrx_word' id='word_1_51' title='bbox 704 767 776 823; x_wconf 91' lang='lat' dir='ltr'>est</span> <span class='ocrx_word' id='word_1_52' title='bbox 800 766 1205 841; x_wconf 85' lang='lat' dir='ltr'>Apollodorus.</span> <span class='ocrx_word' id='word_1_53' title='bbox 1296 770 1457 828; x_wconf 88' lang='lat' dir='ltr'>Ixion</span> <span class='ocrx_word' id='word_1_54' title='bbox 1468 775 1836 848; x_wconf 87' lang='lat' dir='ltr'>Lapitharum,</span> 
     </span>
     <span class='ocr_line' id='line_1_8' title="bbox 176 851 1834 937; baseline 0.005 -24"><span class='ocrx_word' id='word_1_55' title='bbox 176 861 367 937; x_wconf 88' lang='lat' dir='ltr'>populi</span> <span class='ocrx_word' id='word_1_56' title='bbox 413 856 476 912; x_wconf 89' lang='lat' dir='ltr'>ad</span> <span class='ocrx_word' id='word_1_57' title='bbox 503 851 737 910; x_wconf 88' lang='lat' dir='ltr'><strong>Peneum</strong></span> <span class='ocrx_word' id='word_1_58' title='bbox 762 897 777 925; x_wconf 82' lang='lat'>,</span> <span class='ocrx_word' id='word_1_59' title='bbox 819 873 916 912; x_wconf 86' lang='lat' dir='ltr'>rex</span> <span class='ocrx_word' id='word_1_60' title='bbox 949 900 964 927; x_wconf 85' lang='lat'>,</span> <span class='ocrx_word' id='word_1_61' title='bbox 1008 853 1302 930; x_wconf 86' lang='lat' dir='ltr'>Phlegyam</span> <span class='ocrx_word' id='word_1_62' title='bbox 1355 874 1568 935; x_wconf 88' lang='lat' dir='ltr'>patrem</span> <span class='ocrx_word' id='word_1_63' title='bbox 1630 863 1834 937; x_wconf 81' lang='lat' dir='ltr'>habuit,</span> 
     </span>
     <span class='ocr_line' id='line_1_9' title="bbox 176 941 1833 1026; baseline 0.002 -23"><span class='ocrx_word' id='word_1_64' title='bbox 176 963 235 1003; x_wconf 77' lang='lat' dir='ltr'>vt</span> <span class='ocrx_word' id='word_1_65' title='bbox 261 944 448 1002; x_wconf 86' lang='lat' dir='ltr'>scholia</span> <span class='ocrx_word' id='word_1_66' title='bbox 479 941 692 998; x_wconf 81' lang='lat' dir='ltr'>minora</span> <span class='ocrx_word' id='word_1_67' title='bbox 734 944 799 997; x_wconf 87' lang='lat' dir='ltr'>ad</span> <span class='ocrx_word' id='word_1_68' title='bbox 824 947 1058 1014; x_wconf 80' lang='lat' dir='ltr'>primam</span> <span class='ocrx_word' id='word_1_69' title='bbox 1085 945 1430 1017; x_wconf 81' lang='lat' dir='ltr'>rhapsodiam</span> <span class='ocrx_word' id='word_1_70' title='bbox 1465 991 1480 1018; x_wconf 87' lang='lat'>‚</span> <span class='ocrx_word' id='word_1_71' title='bbox 1515 968 1833 1026; x_wconf 86' lang='lat' dir='ltr'>quamquam</span> 
     </span>
     <span class='ocr_line' id='line_1_10' title="bbox 173 1026 1834 1105; baseline 0.004 -15"><span class='ocrx_word' id='word_1_72' title='bbox 173 1037 261 1090; x_wconf 87' lang='lat' dir='ltr'>alii</span> <span class='ocrx_word' id='word_1_73' title='bbox 281 1028 469 1090; x_wconf 86' lang='lat' dir='ltr'>diuersa</span> <span class='ocrx_word' id='word_1_74' title='bbox 493 1028 735 1085; x_wconf 87' lang='lat' dir='ltr'>tradunt:</span> <span class='ocrx_word' id='word_1_75' title='bbox 762 1026 1026 1098; x_wconf 81' lang='lat' dir='ltr'>Phlegyas</span> <span class='ocrx_word' id='word_1_76' title='bbox 1050 1027 1286 1100; x_wconf 74' lang='lat' dir='ltr'>Chrys-an</span> <span class='ocrx_word' id='word_1_77' title='bbox 1298 1048 1524 1092; x_wconf 86' lang='lat' dir='ltr'>matrem</span> <span class='ocrx_word' id='word_1_78' title='bbox 1542 1080 1555 1105; x_wconf 89' lang='lat'>‚</span> <span class='ocrx_word' id='word_1_79' title='bbox 1571 1035 1754 1095; x_wconf 87' lang='lat' dir='ltr'>Halmi</span> <span class='ocrx_word' id='word_1_80' title='bbox 1770 1040 1834 1096; x_wconf 87' lang='lat' dir='ltr'>fi-</span> 
     </span>
     <span class='ocr_line' id='line_1_11' title="bbox 169 1110 1832 1200; baseline 0.005 -24"><span class='ocrx_word' id='word_1_81' title='bbox 169 1122 305 1189; x_wconf 86' lang='lat' dir='ltr'>liam,</span> <span class='ocrx_word' id='word_1_82' title='bbox 321 1115 524 1188; x_wconf 84' lang='lat' dir='ltr'>Sisyphi</span> <span class='ocrx_word' id='word_1_83' title='bbox 548 1127 793 1189; x_wconf 83' lang='lat' dir='ltr'>neptem,</span> <span class='ocrx_word' id='word_1_84' title='bbox 836 1126 892 1170; x_wconf 84' lang='lat' dir='ltr'>vt</span> <span class='ocrx_word' id='word_1_85' title='bbox 914 1110 1300 1186; x_wconf 74' lang='lat' dir='ltr'>Apollodorus</span> <span class='ocrx_word' id='word_1_86' title='bbox 1325 1125 1687 1200; x_wconf 64' lang='grc' dir='ltr'>Ὑενεαλογεῗ.</span> <span class='ocrx_word' id='word_1_87' title='bbox 1742 1125 1832 1184; x_wconf 86' lang='lat' dir='ltr'>At</span> 
     </span>
     <span class='ocr_line' id='line_1_12' title="bbox 171 1196 1834 1283; baseline -0.002 -20"><span class='ocrx_word' id='word_1_88' title='bbox 171 1203 357 1263; x_wconf 87' lang='lat' dir='ltr'>Strabo</span> <span class='ocrx_word' id='word_1_89' title='bbox 371 1203 668 1277; x_wconf 85' lang='lat' dir='ltr'>Phlegyam</span> <span class='ocrx_word' id='word_1_90' title='bbox 683 1204 822 1258; x_wconf 87' lang='lat' dir='ltr'>hunc</span> <span class='ocrx_word' id='word_1_91' title='bbox 836 1201 1041 1258; x_wconf 82' lang='lat' dir='ltr'>Ixionis</span> <span class='ocrx_word' id='word_1_92' title='bbox 1062 1196 1290 1255; x_wconf 88' lang='lat' dir='ltr'>fratrem</span> <span class='ocrx_word' id='word_1_93' title='bbox 1306 1208 1508 1275; x_wconf 88' lang='lat' dir='ltr'>prodit.</span> <span class='ocrx_word' id='word_1_94' title='bbox 1525 1212 1675 1283; x_wconf 85' lang='lat' dir='ltr'>Ergo</span> <span class='ocrx_word' id='word_1_95' title='bbox 1688 1208 1834 1283; x_wconf 86' lang='lat' dir='ltr'>Gyr.</span> 
     </span>
     <span class='ocr_line' id='line_1_13' title="bbox 169 1285 1833 1365; baseline 0.004 -17"><span class='ocrx_word' id='word_1_96' title='bbox 169 1304 268 1348; x_wconf 90' lang='lat' dir='ltr'>ton</span> <span class='ocrx_word' id='word_1_97' title='bbox 316 1291 589 1365; x_wconf 78' lang='lat' dir='ltr'>Phlegyae</span> <span class='ocrx_word' id='word_1_98' title='bbox 633 1290 913 1345; x_wconf 89' lang='lat' dir='ltr'>secundum</span> <span class='ocrx_word' id='word_1_99' title='bbox 980 1285 1312 1360; x_wconf 78' lang='lat' dir='ltr'>Stephanum</span> <span class='ocrx_word' id='word_1_100' title='bbox 1373 1291 1536 1347; x_wconf 87' lang='lat' dir='ltr'>frater</span> <span class='ocrx_word' id='word_1_101' title='bbox 1583 1331 1598 1360; x_wconf 90' lang='lat'>,</span> <span class='ocrx_word' id='word_1_102' title='bbox 1668 1298 1833 1355; x_wconf 83' lang='lat' dir='ltr'>frater</span> 
     </span>
     <span class='ocr_line' id='line_1_14' title="bbox 171 1369 1830 1457; baseline 0.003 -22"><span class='ocrx_word' id='word_1_103' title='bbox 171 1395 375 1452; x_wconf 89' lang='lat' dir='ltr'>quoque</span> <span class='ocrx_word' id='word_1_104' title='bbox 394 1379 610 1443; x_wconf 78' lang='lat' dir='ltr'>Ixioni5‚</span> <span class='ocrx_word' id='word_1_105' title='bbox 629 1372 875 1448; x_wconf 77' lang='lat' dir='ltr'>Gyrtone</span> <span class='ocrx_word' id='word_1_106' title='bbox 896 1391 1025 1429; x_wconf 88' lang='lat' dir='ltr'>vero</span> <span class='ocrx_word' id='word_1_107' title='bbox 1041 1369 1308 1449; x_wconf 82' lang='lat' dir='ltr'>Phlegyae</span> <span class='ocrx_word' id='word_1_108' title='bbox 1325 1376 1433 1433; x_wconf 78' lang='lat' dir='ltr'>filia</span> <span class='ocrx_word' id='word_1_109' title='bbox 1457 1379 1830 1457; x_wconf 88' lang='lat' dir='ltr'>Pirithousque</span> 
     </span>
     <span class='ocr_line' id='line_1_15' title="bbox 171 1458 1821 1543; baseline 0.005 -25"><span class='ocrx_word' id='word_1_110' title='bbox 171 1464 430 1538; x_wconf 81' lang='lat' dir='ltr'>patrueles</span> <span class='ocrx_word' id='word_1_111' title='bbox 451 1462 668 1520; x_wconf 85' lang='lat' dir='ltr'>fuerunt.</span> <span class='ocrx_word' id='word_1_112' title='bbox 697 1539 704 1543; x_wconf 18' lang='lat' dir='ltr'><strong><em>s</em></strong></span> <span class='ocrx_word' id='word_1_113' title='bbox 755 1461 928 1540; x_wconf 84' lang='lat' dir='ltr'>Quod</span> <span class='ocrx_word' id='word_1_114' title='bbox 953 1461 1100 1516; x_wconf 89' lang='lat' dir='ltr'>aliter</span> <span class='ocrx_word' id='word_1_115' title='bbox 1119 1458 1211 1518; x_wconf 92' lang='lat' dir='ltr'>fuit</span> <span class='ocrx_word' id='word_1_116' title='bbox 1240 1500 1256 1533; x_wconf 92' lang='lat'>‚</span> <span class='ocrx_word' id='word_1_117' title='bbox 1300 1466 1337 1520; x_wconf 87' lang='lat' dir='ltr'>fi</span> <span class='ocrx_word' id='word_1_118' title='bbox 1363 1481 1709 1524; x_wconf 88' lang='lat' dir='ltr'>communem</span> <span class='ocrx_word' id='word_1_119' title='bbox 1742 1471 1821 1527; x_wconf 87' lang='lat' dir='ltr'>fa.-</span> 
     </span>
     <span class='ocr_line' id='line_1_16' title="bbox 175 1544 1828 1631; baseline 0.005 -26"><span class='ocrx_word' id='word_1_120' title='bbox 175 1551 400 1606; x_wconf 85' lang='lat' dir='ltr'>bularum</span> <span class='ocrx_word' id='word_1_121' title='bbox 421 1548 587 1602; x_wconf 88' lang='lat' dir='ltr'>fidem</span> <span class='ocrx_word' id='word_1_122' title='bbox 612 1549 886 1618; x_wconf 76' lang='lat' dir='ltr'>sequimur.</span> <span class='ocrx_word' id='word_1_123' title='bbox 977 1544 1062 1603; x_wconf 83' lang='lat' dir='ltr'>At</span> <span class='ocrx_word' id='word_1_124' title='bbox 1085 1547 1482 1609; x_wconf 86' lang='lat' dir='ltr'>Onomacritus</span> <span class='ocrx_word' id='word_1_125' title='bbox 1507 1569 1656 1613; x_wconf 86' lang='lat' dir='ltr'>vetus</span> <span class='ocrx_word' id='word_1_126' title='bbox 1671 1574 1828 1631; x_wconf 81' lang='lat' dir='ltr'>argo-</span> 
     </span>
     <span class='ocr_line' id='line_1_17' title="bbox 172 1633 1825 1704; baseline 0.007 -12"><span class='ocrx_word' id='word_1_127' title='bbox 172 1638 486 1692; x_wconf 87' lang='lat' dir='ltr'>nauticorum</span> <span class='ocrx_word' id='word_1_128' title='bbox 527 1635 706 1690; x_wconf 68' lang='lat' dir='ltr'>austor-</span> <span class='ocrx_word' id='word_1_129' title='bbox 736 1633 1026 1691; x_wconf 86' lang='lat' dir='ltr'>Phalerum</span> <span class='ocrx_word' id='word_1_130' title='bbox 1069 1634 1307 1693; x_wconf 82' lang='lat' dir='ltr'>Alconis</span> <span class='ocrx_word' id='word_1_131' title='bbox 1359 1640 1532 1697; x_wconf 90' lang='lat' dir='ltr'>filium</span> <span class='ocrx_word' id='word_1_132' title='bbox 1582 1647 1825 1704; x_wconf 58' lang='lat' dir='ltr'>condito-³</span> 
     </span>
     <span class='ocr_line' id='line_1_18' title="bbox 176 1720 1144 1796; baseline -0.001 -18"><span class='ocrx_word' id='word_1_133' title='bbox 176 1739 293 1780; x_wconf 85' lang='lat' dir='ltr'>rem</span> <span class='ocrx_word' id='word_1_134' title='bbox 315 1722 455 1779; x_wconf 71' lang='lat' dir='ltr'>vrbis</span> <span class='ocrx_word' id='word_1_135' title='bbox 469 1722 647 1794; x_wconf 77' lang='lat' dir='ltr'>prodit</span> <span class='ocrx_word' id='word_1_136' title='bbox 662 1720 744 1778; x_wconf 82' lang='lat' dir='ltr'>his</span> <span class='ocrx_word' id='word_1_137' title='bbox 765 1724 962 1778; x_wconf 77' lang='lat' dir='ltr'>verbis.</span> <span class='ocrx_word' id='word_1_138' title='bbox 1055 1728 1144 1796; x_wconf 76' lang='grc' dir='ltr'>(ς)</span> 
     </span>
    </p>

    <p class='ocr_par' dir='ltr' id='par_1_3' title="bbox 299 1803 1669 1889">
     <span class='ocr_line' id='line_1_19' title="bbox 299 1803 1669 1889; baseline 0.007 -25"><span class='ocrx_word' id='word_1_139' title='bbox 299 1806 567 1873; x_wconf 75' lang='grc' dir='ltr'>Αλκωνος</span> <span class='ocrx_word' id='word_1_140' title='bbox 592 1803 653 1863; x_wconf 71' lang='grc' dir='ltr'>δὲ</span> <span class='ocrx_word' id='word_1_141' title='bbox 681 1804 949 1887; x_wconf 64' lang='grc' dir='ltr'>Φάληξος</span> <span class='ocrx_word' id='word_1_142' title='bbox 976 1805 1102 1867; x_wconf 62' lang='grc' dir='ltr'>ἀπὸ</span> <span class='ocrx_word' id='word_1_143' title='bbox 1127 1807 1448 1880; x_wconf 55' lang='grc' dir='ltr'>Αιση”ω·οιο</span> <span class='ocrx_word' id='word_1_144' title='bbox 1480 1808 1669 1889; x_wconf 67' lang='grc' dir='ltr'><em>ῥοάων</em></span> 
     </span>
    </p>

    <p class='ocr_par' dir='ltr' id='par_1_4' title="bbox 299 1888 1735 1973">
     <span class='ocr_line' id='line_1_20' title="bbox 299 1888 1735 1973; baseline 0.009 -24"><span class='ocrx_word' id='word_1_145' title='bbox 299 1893 552 1963; x_wconf 62' lang='grc' dir='ltr'>Ηλυὲεν,</span> <span class='ocrx_word' id='word_1_146' title='bbox 573 1888 651 1962; x_wconf 69' lang='grc' dir='ltr'>ο“ς</span> <span class='ocrx_word' id='word_1_147' title='bbox 679 1894 992 1970; x_wconf 64' lang='grc' dir='ltr'>ΓύξςΒ-ωνος</span> <span class='ocrx_word' id='word_1_148' title='bbox 1022 1892 1304 1969; x_wconf 72' lang='grc' dir='ltr'>ἁλιςεφες</span> <span class='ocrx_word' id='word_1_149' title='bbox 1340 1889 1580 1962; x_wconf 76' lang='grc' dir='ltr'>ἔκτισεν</span> <span class='ocrx_word' id='word_1_150' title='bbox 1613 1892 1735 1973; x_wconf 76' lang='grc' dir='ltr'>ὄίςυο</span> 
     </span>
    </p>

    <p class='ocr_par' dir='ltr' id='par_1_5' title="bbox 294 1978 1460 2058">
     <span class='ocr_line' id='line_1_21' title="bbox 294 1978 1460 2058; baseline 0.004 -21"><span class='ocrx_word' id='word_1_151' title='bbox 294 1978 542 2037; x_wconf 77' lang='lat' dir='ltr'>Phalerus</span> <span class='ocrx_word' id='word_1_152' title='bbox 567 1981 770 2038; x_wconf 77' lang='lat' dir='ltr'>Alconis</span> <span class='ocrx_word' id='word_1_153' title='bbox 771 1982 925 2057; x_wconf 82' lang='lat' dir='ltr'>filius</span> <span class='ocrx_word' id='word_1_154' title='bbox 959 1984 1029 2039; x_wconf 81' lang='lat' dir='ltr'>ab</span> <span class='ocrx_word' id='word_1_155' title='bbox 1052 1984 1460 2058; x_wconf 74' lang='lat' dir='ltr'>Aesopoflumine</span> 
     </span>
    </p>

    <p class='ocr_par' dir='ltr' id='par_1_6' title="bbox 164 2065 1818 2316">
     <span class='ocr_line' id='line_1_22' title="bbox 295 2065 1614 2144; baseline 0.007 -20"><span class='ocrx_word' id='word_1_156' title='bbox 295 2065 464 2137; x_wconf 84' lang='lat' dir='ltr'>Venit,</span> <span class='ocrx_word' id='word_1_157' title='bbox 494 2068 584 2144; x_wconf 80' lang='lat' dir='ltr'>qui</span> <span class='ocrx_word' id='word_1_158' title='bbox 605 2072 852 2125; x_wconf 77' lang='lat' dir='ltr'>munitam</span> <span class='ocrx_word' id='word_1_159' title='bbox 877 2067 1150 2142; x_wconf 72' lang='lat' dir='ltr'>Gyrtonem</span> <span class='ocrx_word' id='word_1_160' title='bbox 1173 2071 1355 2128; x_wconf 79' lang='lat' dir='ltr'>vrbem</span> <span class='ocrx_word' id='word_1_161' title='bbox 1384 2075 1614 2139; x_wconf 81' lang='lat' dir='ltr'>condidit.</span> 
     </span>
     <span class='ocr_line' id='line_1_23' title="bbox 164 2156 1818 2232; baseline 0.007 -16"><span class='ocrx_word' id='word_1_162' title='bbox 164 2157 370 2216; x_wconf 89' lang='lat' dir='ltr'>Deinde</span> <span class='ocrx_word' id='word_1_163' title='bbox 394 2173 510 2212; x_wconf 89' lang='lat' dir='ltr'>eum</span> <span class='ocrx_word' id='word_1_164' title='bbox 537 2174 658 2213; x_wconf 90' lang='lat' dir='ltr'>cum</span> <span class='ocrx_word' id='word_1_165' title='bbox 677 2156 1011 2226; x_wconf 82' lang='lat' dir='ltr'>Argonautis</span> <span class='ocrx_word' id='word_1_166' title='bbox 1030 2160 1335 2232; x_wconf 64' lang='lat' dir='ltr'>profestum</span> <span class='ocrx_word' id='word_1_167' title='bbox 1364 2164 1466 2219; x_wconf 84' lang='lat' dir='ltr'>effe</span> <span class='ocrx_word' id='word_1_168' title='bbox 1490 2168 1648 2226; x_wconf 86' lang='lat' dir='ltr'>canit.</span> <span class='ocrx_word' id='word_1_169' title='bbox 1709 2162 1818 2227; x_wconf 83' lang='lat' dir='ltr'>Al-</span> 
     </span>
     <span class='ocr_line' id='line_1_24' title="bbox 165 2241 1577 2316; baseline 0.006 -16"><span class='ocrx_word' id='word_1_170' title='bbox 165 2262 268 2302; x_wconf 92' lang='lat' dir='ltr'>con</span> <span class='ocrx_word' id='word_1_171' title='bbox 291 2256 456 2301; x_wconf 85' lang='lat' dir='ltr'>autem</span> <span class='ocrx_word' id='word_1_172' title='bbox 473 2244 573 2313; x_wconf 88' lang='lat' dir='ltr'>ille,</span> <span class='ocrx_word' id='word_1_173' title='bbox 595 2241 892 2301; x_wconf 84' lang='lat' dir='ltr'>Erechthei</span> <span class='ocrx_word' id='word_1_174' title='bbox 914 2261 1023 2302; x_wconf 87' lang='lat' dir='ltr'>erat</span> <span class='ocrx_word' id='word_1_175' title='bbox 1046 2246 1204 2316; x_wconf 81' lang='lat' dir='ltr'>filius,</span> <span class='ocrx_word' id='word_1_176' title='bbox 1219 2245 1577 2311; x_wconf 77' lang='lat' dir='ltr'>Atheniensis,</span> 
     </span>
    </p>

    <p class='ocr_par' dir='ltr' id='par_1_7' title="bbox 156 2330 1816 2766">
     <span class='ocr_line' id='line_1_25' title="bbox 322 2330 1816 2407; baseline 0.008 -19"><span class='ocrx_word' id='word_1_177' title='bbox 322 2330 425 2388; x_wconf 84' lang='lat' dir='ltr'>Sed</span> <span class='ocrx_word' id='word_1_178' title='bbox 448 2331 559 2386; x_wconf 81' lang='lat' dir='ltr'>nihil</span> <span class='ocrx_word' id='word_1_179' title='bbox 577 2331 776 2389; x_wconf 90' lang='lat' dir='ltr'>horum</span> <span class='ocrx_word' id='word_1_180' title='bbox 803 2336 854 2388; x_wconf 90' lang='lat' dir='ltr'>in</span> <span class='ocrx_word' id='word_1_181' title='bbox 881 2350 1047 2389; x_wconf 88' lang='lat' dir='ltr'>numo</span> <span class='ocrx_word' id='word_1_182' title='bbox 1075 2339 1440 2407; x_wconf 89' lang='lat' dir='ltr'>quaerendum</span> <span class='ocrx_word' id='word_1_183' title='bbox 1469 2339 1560 2397; x_wconf 88' lang='lat' dir='ltr'>est.</span> <span class='ocrx_word' id='word_1_184' title='bbox 1589 2337 1742 2398; x_wconf 87' lang='lat' dir='ltr'>Nam</span> <span class='ocrx_word' id='word_1_185' title='bbox 1755 2355 1816 2400; x_wconf 84' lang='lat' dir='ltr'>vt</span> 
     </span>
     <span class='ocr_line' id='line_1_26' title="bbox 158 2417 1808 2502; baseline 0.008 -28"><span class='ocrx_word' id='word_1_186' title='bbox 158 2418 363 2492; x_wconf 86' lang='lat' dir='ltr'>liquido</span> <span class='ocrx_word' id='word_1_187' title='bbox 387 2417 552 2474; x_wconf 86' lang='lat' dir='ltr'>dicam</span> <span class='ocrx_word' id='word_1_188' title='bbox 574 2453 590 2486; x_wconf 82' lang='lat'>‚</span> <span class='ocrx_word' id='word_1_189' title='bbox 627 2421 812 2477; x_wconf 84' lang='lat' dir='ltr'>nullius</span> <span class='ocrx_word' id='word_1_190' title='bbox 848 2421 1058 2478; x_wconf 78' lang='lat' dir='ltr'>alterius</span> <span class='ocrx_word' id='word_1_191' title='bbox 1093 2422 1261 2477; x_wconf 87' lang='lat' dir='ltr'>vultus</span> <span class='ocrx_word' id='word_1_192' title='bbox 1292 2425 1378 2479; x_wconf 78' lang='lat' dir='ltr'>ille</span> <span class='ocrx_word' id='word_1_193' title='bbox 1417 2425 1676 2484; x_wconf 77' lang='lat' dir='ltr'>laureatus</span> <span class='ocrx_word' id='word_1_194' title='bbox 1710 2433 1808 2502; x_wconf 84' lang='lat' dir='ltr'>est,</span> 
     </span>
     <span class='ocr_line' id='line_1_27' title="bbox 156 2498 1816 2584; baseline 0.005 -24"><span class='ocrx_word' id='word_1_195' title='bbox 156 2521 309 2579; x_wconf 87' lang='lat' dir='ltr'>quam</span> <span class='ocrx_word' id='word_1_196' title='bbox 338 2504 477 2560; x_wconf 82' lang='lat' dir='ltr'>Iouis</span> <span class='ocrx_word' id='word_1_197' title='bbox 496 2498 759 2581; x_wconf 67' lang='lat' dir='ltr'>Olympii,</span> <span class='ocrx_word' id='word_1_198' title='bbox 852 2507 1007 2567; x_wconf 74' lang='lat' dir='ltr'>Nam</span> <span class='ocrx_word' id='word_1_199' title='bbox 1028 2527 1092 2565; x_wconf 91' lang='lat' dir='ltr'>eo</span> <span class='ocrx_word' id='word_1_200' title='bbox 1117 2511 1169 2564; x_wconf 91' lang='lat' dir='ltr'>in</span> <span class='ocrx_word' id='word_1_201' title='bbox 1194 2527 1326 2584; x_wconf 83' lang='lat' dir='ltr'>agro</span> <span class='ocrx_word' id='word_1_202' title='bbox 1348 2507 1609 2584; x_wconf 75' lang='lat' dir='ltr'>Gyrtonii</span> <span class='ocrx_word' id='word_1_203' title='bbox 1635 2519 1816 2574; x_wconf 75' lang='lat' dir='ltr'>colue-</span> 
     </span>
     <span class='ocr_line' id='line_1_28' title="bbox 159 2592 1810 2667; baseline 0.009 -22"><span class='ocrx_word' id='word_1_204' title='bbox 159 2605 299 2661; x_wconf 85' lang='lat' dir='ltr'>runt,</span> <span class='ocrx_word' id='word_1_205' title='bbox 324 2592 498 2665; x_wconf 80' lang='lat' dir='ltr'>inquo</span> <span class='ocrx_word' id='word_1_206' title='bbox 518 2592 658 2650; x_wconf 75' lang='lat' dir='ltr'>sedes</span> <span class='ocrx_word' id='word_1_207' title='bbox 684 2597 845 2653; x_wconf 73' lang='lat' dir='ltr'>hui-us·</span> <span class='ocrx_word' id='word_1_208' title='bbox 862 2599 1130 2667; x_wconf 78' lang='lat' dir='ltr'>religionis</span> <span class='ocrx_word' id='word_1_209' title='bbox 1155 2610 1209 2652; x_wconf 90' lang='lat' dir='ltr'>et</span> <span class='ocrx_word' id='word_1_210' title='bbox 1235 2601 1459 2655; x_wconf 84' lang='lat' dir='ltr'>numinis</span> <span class='ocrx_word' id='word_1_211' title='bbox 1484 2603 1548 2656; x_wconf 84' lang='lat' dir='ltr'>ad</span> <span class='ocrx_word' id='word_1_212' title='bbox 1574 2600 1810 2660; x_wconf 87' lang='lat' dir='ltr'>Peneum</span> 
     </span>
     <span class='ocr_line' id='line_1_29' title="bbox 157 2679 1806 2766; baseline 0.007 -30"><span class='ocrx_word' id='word_1_213' title='bbox 157 2679 368 2736; x_wconf 82' lang='lat' dir='ltr'>fluuium</span> <span class='ocrx_word' id='word_1_214' title='bbox 404 2681 454 2736; x_wconf 90' lang='lat' dir='ltr'>in</span> <span class='ocrx_word' id='word_1_215' title='bbox 484 2679 714 2758; x_wconf 64' lang='lat' dir='ltr'>Tempiu</span> <span class='ocrx_word' id='word_1_216' title='bbox 749 2685 1064 2742; x_wconf 39' lang='lat' dir='ltr'>Thetis-‘ilicis</span> <span class='ocrx_word' id='word_1_217' title='bbox 1088 2703 1140 2740; x_wconf 83' lang='lat' dir='ltr'>et</span> <span class='ocrx_word' id='word_1_218' title='bbox 1172 2684 1381 2743; x_wconf 85' lang='lat' dir='ltr'>summo</span> <span class='ocrx_word' id='word_1_219' title='bbox 1407 2684 1662 2766; x_wconf 82' lang='lat' dir='ltr'>Olympo</span> <span class='ocrx_word' id='word_1_220' title='bbox 1692 2691 1806 2754; x_wconf 69' lang='lat' dir='ltr'>suit,</span> 
     </span>
    </p>

    <p class='ocr_par' dir='ltr' id='par_1_8' title="bbox 173 2767 1811 2916">
     <span class='ocr_line' id='line_1_30' title="bbox 173 2767 1811 2838; baseline 0.013 -24"><span class='ocrx_word' id='word_1_221' title='bbox 173 2781 176 2789; x_wconf 92' lang='lat'>·</span> <span class='ocrx_word' id='word_1_222' title='bbox 920 2767 1084 2826; x_wconf 77' lang='lat' dir='ltr'>Nun</span> <span class='ocrx_word' id='word_1_223' title='bbox 1120 2785 1159 2828; x_wconf 84' lang='lat'><em>2</em></span> <span class='ocrx_word' id='word_1_224' title='bbox 1687 2779 1811 2838; x_wconf 77' lang='lat' dir='ltr'>Ma-</span> 
     </span>
     <span class='ocr_line' id='line_1_31' title="bbox 291 2847 1302 2916; baseline 0.006 -21"><span class='ocrx_word' id='word_1_225' title='bbox 291 2847 361 2905; x_wconf 84' lang='lat'>(5)</span> <span class='ocrx_word' id='word_1_226' title='bbox 398 2863 438 2896; x_wconf 80' lang='lat' dir='ltr'>v.</span> <span class='ocrx_word' id='word_1_227' title='bbox 461 2863 565 2913; x_wconf 79' lang='lat'>143.</span> <span class='ocrx_word' id='word_1_228' title='bbox 628 2854 704 2914; x_wconf 79' lang='lat'>(6)</span> <span class='ocrx_word' id='word_1_229' title='bbox 736 2850 975 2903; x_wconf 77' lang='lat' dir='ltr'>Pausanias</span> <span class='ocrx_word' id='word_1_230' title='bbox 997 2851 1033 2904; x_wconf 88' lang='lat' dir='ltr'>f.</span> <span class='ocrx_word' id='word_1_231' title='bbox 1061 2869 1158 2913; x_wconf 76' lang='lat'>412.</span> <span class='ocrx_word' id='word_1_232' title='bbox 1188 2868 1302 2916; x_wconf 85' lang='lat'><em>417.</em></span> 
     </span>
    </p>
   </div>
  </div>
 </body>
</html>
