2393 3590
540 130 671 216 346
808 119 1050 189 NOVA
1082 112 1619 182 PLANTARVM
1650 108 2014 175 GENERA.

537 298 729 363 gauter
759 296 1077 357 purpureos,
1165 269 1367 345 Figura
1394 272 1439 329 Ι.
1473 268 1693 326 Bauhini
1730 287 1841 326 non
1878 269 2011 326 adeo
2037 266 2203 337 bona,

537 390 639 431 nec
686 371 976 428 meliorem
1018 366 1192 421 multo
1231 362 1318 415 dat
1343 355 1698 412 PlukenetiuS.
1785 355 2046 413 Occurrit
2070 355 2210 411 foliis

541 456 932 532 angustioribus
957 466 1006 507 et
1029 448 1301 505 latioribus
1319 480 1334 511 ‚
1372 440 1641 516 posterior
1664 454 1880 496 vacatur
1901 462 1930 499 a
1955 441 2202 499 Scherar-

541 543 821 603 doLedum
847 538 1070 617 palestre
1090 533 1225 610 foliis
1264 526 1554 588 latioribus
1571 523 1866 602 fiteculentis
1886 529 1939 583 in
1964 527 2085 586 Raii
2111 526 2209 601 Sy-

536 629 685 705 nops

687 710 925 770 Pertinet
969 707 1036 765 ad
1072 703 1283 762 frutices
1330 702 1501 760 srustu
1526 699 1670 755 sicco
1694 701 1788 756 vbi
1811 702 1934 776 post
1959 695 2218 758 Chamae-

543 800 969 863 rhododendron
1006 793 1179 868 potest
1217 790 1493 848 collocari.
1582 786 1787 845 Differt
1822 806 1850 844 a
1878 787 2215 846 Chamaeda-

543 893 686 965 phne
731 884 1083 958 dispofitione
1117 879 1363 935 foliorum
1410 891 1462 933 et
1493 875 1692 930 florum
1733 877 1849 932 imo
1878 890 2005 933 toto
2031 874 2216 931 habitu

541 977 676 1036 Ledi
699 989 899 1029 nomen
923 989 951 1026 a
971 969 1111 1028 Raio
1140 966 1451 1038 impositum
1473 962 1595 1017 ideo
1623 978 1741 1019 cum
1769 959 2032 1019 Poliifolia
2055 979 2221 1018 com-

544 1061 774 1129 mutaui,
805 1059 918 1132 quia
945 1053 1073 1110 illud
1108 1053 1273 1122 longo
1297 1051 1387 1107 vsu
1412 1049 1524 1105 iam
1552 1052 1831 1122 occupauit
1857 1046 2021 1123 Cistus
2054 1047 2222 1105 Ledon

526 1150 669 1227 filiis
693 1143 982 1214 Rofmarini
993 1136 1309 1214 ferrugineis
1333 1134 1403 1195 C.
1437 1134 1507 1193 B.
1551 1136 1633 1207 qui
1658 1137 1770 1191 iure
1795 1154 1996 1193 nouum
2025 1135 2215 1191 consti-

545 1239 647 1294 tuit
670 1248 854 1308 genus.
945 1224 1045 1283 His
1073 1237 1301 1293 cognata
1327 1221 1539 1275 videtur
1564 1219 1742 1290 planta
1764 1224 1924 1278 Erica
1946 1221 2227 1281 Cantabri-

551 1340 615 1379 ca
639 1324 776 1378 flore
808 1315 1080 1377 maximO,
1113 1308 1256 1362 foliis
1296 1306 1498 1378 myrti,
1536 1303 1706 1362 subtus
1732 1309 1931 1362 incanis
1953 1305 2222 1366 Tournef,

547 1409 672 1468 Inst.
710 1420 760 1461 et
792 1402 952 1458 Erica
981 1395 1275 1454 Hibernica
1301 1394 1436 1450 foliis
1474 1388 1658 1465 Myrti
1683 1394 1860 1467 pilosis
1885 1393 2058 1450 subtus
2084 1394 2228 1448 inca-

551 1496 627 1551 nis
651 1493 813 1551 Petiv.
845 1480 1084 1556 Gazoph.

710 1573 953 1630 Additur
988 1569 1073 1625 hic
1113 1567 1280 1639 figura
1319 1566 1526 1639 plantae
1560 1559 1852 1620 Africanae
1875 1608 1889 1631 ‚
1937 1582 2097 1636 quam
2122 1581 2226 1636 pro

554 1661 854 1721 Poiiifoliae
878 1658 1082 1730 specie,
1125 1673 1192 1710 ex
1219 1655 1442 1710 floribus
1464 1652 1826 1706 coniee‘turam
1856 1650 2047 1707 faciens
2076 1694 2091 1721 ‚
2136 1650 2226 1709 ha-

553 1755 675 1808 beo.
764 1745 1002 1802 Dicatur
1017 1745 1194 1815 itaque
1211 1738 1468 1816 Poliifolia
1491 1734 2046 1815 Africana-fruticosa.
2093 1733 2228 1795 Flo—

556 1857 643 1899 res
675 1835 798 1894 huic
840 1833 1090 1907 purpurei
1130 1825 1587 1902 campaniformes
1608 1867 1624 1895 ‚
1667 1829 1834 1901 magis
1869 1825 2036 1898 patuli
2067 1842 2228 1898 quam

553 1923 807 1986 nostratis
829 1922 995 1977 fiores
1021 1955 1038 1986 ‚
1085 1919 1139 1973 in
1176 1931 1407 1989 quatuor
1441 1913 1659 1971 lacinias
1681 1912 1836 1986 sec'ti3
1866 1912 1996 1969 solia
2018 1912 2232 1986 angusta

560 2025 709 2072 acuta
727 2046 744 2081 ,
789 2007 964 2062 caules
988 2004 1097 2059 fine
1119 2003 1303 2058 ordine
1330 2003 1616 2072 cingentia.
1718 1995 1928 2055 Frutex
1960 1998 2032 2052 est
2060 1998 2232 2054 humi.

561 2103 619 2159 lis
646 2095 850 2155 cortice
868 2091 1082 2147 vestitus
1106 2088 1265 2144 dilute
1288 2087 1517 2142 rubente
1541 2083 1644 2138 vid.
1662 2082 1812 2138 Tab.
1838 2082 2011 2143 XXI.

716 2179 990 2241 Describit
1026 2189 1078 2233 et
1117 2174 1340 2229 delineat
1372 2163 1442 2225 C.
1467 2168 1737 2225 Bauhinus
1776 2171 1831 2225 in
1855 2171 2044 2228 Prodr.
2066 2167 2235 2229 Cam.

562 2273 787 2346 panulae
820 2266 1058 2340 speciem
1092 2277 1252 2335 quam
1293 2258 1533 2316 nominat
1569 2251 1924 2330 Campanulam
1955 2254 2237 2333 fhrpillifh-

567 2362 713 2425 liam,
757 2371 888 2426 quae
917 2355 1070 2408 etiam
1109 2347 1202 2405 sub
1220 2342 1595 2417 campanulae
1626 2344 1901 2415 speciebus
1933 2344 2235 2400 recensetur

573 2463 599 2499 a
624 2439 1014 2499 Tournefortio
1043 2438 1093 2490 in
1127 2434 1259 2489 Inst.
1365 2428 1619 2488 Occurrit
1654 2429 1786 2485 haec
1817 2430 2038 2503 copiose
2063 2432 2116 2486 in
2136 2429 2239 2502 syl·-

570 2532 644 2587 uis
664 2528 730 2583 uli
740 2525 929 2599 gluofis
969 2524 1106 2576 circa
1135 2518 1498 2589 Petropolim,
1519 2527 1570 2570 et
1598 2534 1705 2592 ego
1730 2514 1954 2572 frustum
1979 2518 2087 2572 eius
2112 2534 2240 2572 exa-

574 2617 777 2673 minans
801 2608 972 2682 ipsum
996 2608 1161 2678 longe
1199 2623 1229 2660 a
1261 2601 1632 2676 Campulanae
1663 2600 1832 2658 fruc'tu
1860 2603 2117 2659 diuersum
2144 2619 2231 2658 re-

575 2701 716 2777 peri,
803 2694 1039 2773 CapsuIa
1065 2708 1263 2769 nempe
1287 2691 1361 2748 est
1386 2688 1646 2760 oblonga,
1685 2703 1844 2747 ouata
1863 2733 1878 2764 ,
1919 2686 2060 2748 foeta
2092 2691 2238 2747 semi-

2170 2792 2239 2832 ne
