2393 3590
327 1886 510 1946 Pham.
531 1915 584 1962 4¹

601 180 732 266 232·
753 251 780 255 ,Α
1125 158 1242 220 DE
1329 157 1494 221 TVB
1510 152 1692 223 ηις

613 321 750 379 Sunt
776 324 944 398 aliqua
963 335 1165 387 tamen,
1199 336 1332 391 quae
1355 316 1639 390 diffimulari
1659 333 1749 375 non
1773 314 1968 374 debent.
2060 309 2271 372 Praech

610 421 774 482 puum
802 412 906 465 hoc
930 410 1018 464 est.
1102 410 1192 465 Ex
1214 405 1448 460 sententia
1473 396 1745 458 Carreana
1767 402 2017 474 sequitur:
2039 393 2184 458 Cum
2200 417 2275 458 tu-

620 497 767 551 bulus
807 498 1092 569 aequaliter
1131 495 1335 566 amplus
1370 491 1709 560 immergitur
1756 505 1916 558 aquae
1951 485 2276 560 profundiuS‚

610 600 797 654 aquam
827 585 1010 638 eleuari
1038 582 1230 636 debere
1251 580 1313 632 ad
1339 577 1659 632 altitudinem
1687 575 1967 629 maiorem.
2049 575 2205 632 Intuli
2222 578 2277 631 id

605 687 673 723 ex
699 687 781 739 e0‚
807 671 945 743 quod
968 672 1139 723 maior
1166 667 1340 720 hocin
1369 661 1483 716 casu
1520 659 1827 735 superficies
1859 659 1935 713 est
1959 659 2165 717 interna
2189 675 2268 718 tu-

606 756 708 812 buli
748 800 762 822 ‚
807 760 885 812 cui
923 773 1053 826 aqua
1101 753 1328 807 innititur
1372 769 1387 817 3
1427 749 1668 822 adeoque
1686 749 1798 820 plus
1821 746 2035 800 decedit
2054 749 2280 820 ponderi

604 844 928 898 columnulae
965 843 1014 893 in
1043 839 1212 894 fistula
1256 849 1535 891 contentae
1564 856 1577 907 3
1611 852 1835 906 namque
1864 846 2042 888 totam
2070 832 2282 906 superfi-

603 929 746 982 ciem
773 931 1031 983 internam
1066 925 1257 980 vocari
1295 926 1346 977 in
1384 921 1665 977 subsidium
1699 922 1945 977 vidimus.
2044 919 2282 993 Suspica-

602 1032 693 1070 rer
760 1052 774 1083 ,
849 1032 941 1070 me
974 1016 1025 1068 iu
1058 1013 1159 1067 hac
1187 1012 1419 1065 illatione
1453 1008 1633 1064 falsum
1662 1043 1676 1073 ‚
1720 1022 1805 1063 aut
1849 1009 2023 1061 minus
2048 1006 2282 1080 perfed’te

607 1116 841 1158 mentem
864 1101 996 1159 Viri
1035 1099 1314 1152 assecutum
1342 1096 1440 1148 effe
1471 1138 1485 1164 ⁷
1529 1097 1620 1149 nifi
1653 1095 1848 1148 bonam
1872 1096 1970 1152 effe
1993 1095 2126 1149 hanc
2154 1111 2283 1148 con-

614 1188 940 1243 secutionem
1008 1183 1239 1254 Illzqst7·is
1300 1177 1601 1235 Academiae
1654 1179 1941 1252 Historicus
1995 1182 2283 1236 testaretur.

619 1273 912 1345 „Sequitur
930 1310 945 1340 ‚
982 1272 1172 1343 inquit,
1222 1285 1291 1321 ex
1319 1266 1458 1318 hisce
1485 1268 1756 1337 principiis
1781 1308 1795 1332 ‚
1832 1268 1976 1320 altius
2007 1267 2198 1324 eleuari
2226 1286 2280 1323 a·

625 1379 835 1432 „quam‚
865 1357 1075 1430 quando
1103 1354 1295 1407 cauitas
1323 1349 1485 1406 tubuli
1519 1351 1593 1404 est
1629 1352 1926 1423 angustior,
1967 1365 2052 1406 aut
2076 1356 2292 1409 immer-

623 1447 735 1517 „sio
780 1444 953 1498 tubuli
975 1440 1334 1512 profundior..
1358 1482 1397 1498 ..
1487 1435 1736 1494 Secundo
1773 1438 1891 1491 casu
1925 1440 2101 1494 maior
2140 1440 2285 1494 colu-

620 1548 828 1601 „mnae
858 1545 1052 1602 aqueae
1079 1570 1093 1597 ,
1123 1526 1308 1581 tubum
1332 1526 1576 1595 ingrefl‘ae
1601 1567 1614 1592 ,
1644 1540 1766 1595 pars
1801 1522 2016 1577 fulcitur
2041 1539 2068 1573 a
2093 1524 2279 1578 lateri-

622 1618 771 1687 „buS.
861 1618 1049 1687 Atque
1081 1614 1169 1669 hic
1210 1612 1352 1668 casus
1389 1611 1650 1683 explicari
1687 1627 1782 1680 per
1808 1607 2129 1676 inaequalem
2156 1609 2288 1665 aeris

626 1702 988 1777 „pressionem
1014 1719 1121 1756 non
1148 1700 1374 1771 potest„
1459 1696 1689 1769 Optime
1716 1695 1830 1767 ista,
1847 1693 1932 1748 sed
1956 1692 2289 1765 appellemus

623 1793 1026 1864 experientiam.
1111 1788 1242 1844 Vidi
1265 1787 1500 1860 repetitis
1525 1778 1677 1854 saepe
1705 1781 2101 1839 tentaminibus:
2164 1798 2167 1800 ·

853 1893 954 1955 41.
1044 1875 1304 1930 Intubulo
1321 1890 1483 1945 aeque
1510 1871 1692 1941 amplo
1718 1882 1771 1922 et
1794 1868 2086 1922 humeetato
2106 1881 2289 1935 aquam

631 1966 821 2025 eleuari
850 1966 914 2019 ad
937 1965 1161 2019 eandem
1188 1961 1516 2016 altitudinem
1546 2000 1559 2024 ,
1589 1958 1690 2011 siue
1715 1954 1914 2009 mersus
1949 1953 2007 2008 fit
2031 1951 2294 2023 profunde

632 2053 835 2110 tubulus
849 2095 862 2120 ,
877 2053 975 2107 siue
992 2051 1215 2121 attingat
1227 2047 1395 2102 solum
1418 2045 1723 2117 supremam
1748 2059 1908 2112 aquae
1929 2037 2286 2108 superficiem,

631 2144 795 2213 idque
830 2142 884 2193 in
915 2152 1087 2192 vacuo
1125 2152 1233 2190 non
1261 2136 1432 2190 minus
1465 2171 1479 2198 ‚
1515 2149 1668 2204 quam
1694 2131 1745 2181 in
1769 2127 1942 2180 libero
1975 2139 2091 2176 aere
2123 2141 2138 2193 3
2169 2135 2221 2174 et
2241 2123 2293 2176 in

633 2227 881 2284 omnibus
901 2225 1039 2280 hisce
1066 2222 1265 2277 casibus
1287 2219 1546 2275 ascensum
1571 2216 1668 2268 effe
1693 2208 2111 2282 promtiffimum.
2186 2208 2291 2266 Vi-

632 2318 681 2371 di
706 2315 893 2367 eadem
923 2313 1106 2367 omnia
1142 2309 1255 2361 fieri
1288 2349 1301 2374 ‚
1343 2322 1467 2359 cum
1491 2298 1658 2354 tubuli
1687 2298 1816 2351 loco
1843 2296 2119 2371 siphonem
2142 2293 2290 2350 adhi-

629 2400 720 2454 bui
738 2444 751 2469 ,
768 2394 771 2398 ’
787 2399 994 2468 qualem
1011 2386 1710 2467 ph21e11.'24.descripfimu5.

775 2485 896 2551 Ego
934 2498 1088 2547 vem,
1117 2495 1184 2530 ne
1213 2474 1419 2529 fallerer
1456 2470 1826 2542 apparentibus
1848 2511 1862 2537 ‚
1894 2468 2100 2524 adhibui
2135 2466 2285 2522 tubu-

634 2571 743 2626 lum
766 2567 986 2622 omuino
1008 2565 1309 2635 longiorem
1331 2603 1344 2627 ,
1372 2560 1698 2628 eundemque
1727 2556 1928 2610 alternis
1952 2556 2024 2608 ita
2046 2553 2293 2624 immerfi,

629 2671 686 2711 vt
714 2671 837 2727 aqua
862 2655 1066 2707 eleuata
1096 2649 1322 2704 eundem
1347 2643 1552 2715 semper
1574 2644 1758 2698 locum
1776 2642 1827 2694 in
1856 2639 2039 2694 tubulo
2066 2642 2288 2710 attinge-

635 2756 749 2812 ret,
786 2740 1087 2815 mergendo
1113 2751 1249 2792 nunc
1282 2749 1354 2790 ex
1390 2749 1494 2788 vna
1523 2744 1676 2805 parte
1712 2740 1807 2801 27.
1830 2726 1966 2801 poll,
1994 2745 2129 2785 nunc
2154 2729 2295 2785 duos

2227 2828 2296 2871 CX
