2393 3590
716 104 832 168 DE
863 104 1355 173 somnum
1467 191 1474 196 ,
1765 119 1873 183 [ει

831 264 1112 374 Caput.
1219 267 1270 348 I.

582 425 706 506 De
803 423 1485 540 Imerpolationibus.

376 628 426 675 Ι,
516 615 871 684 Exponantur
906 612 1037 669 duae
1075 618 1421 687 quantitatum
1456 620 1695 677 datarum
1727 621 1880 681 series

209 715 540 773 quaecunque

303 891 326 930 1
417 911 441 920 -
522 909 545 919 -
628 911 656 922 -
790 893 840 929 m
924 892 956 930 n
1030 888 1070 950 p
1157 898 1191 954 q
1277 897 1311 936 ν

429 985 455 995 -
536 998 560 1006 -
646 997 668 1006 -
797 977 829 1014 a
930 959 964 1012 b
1052 979 1078 1014 c
1279 985 1305 1021 e

199 1133 272 1188 ita
296 1146 355 1187 vt
380 1133 538 1189 cuiuis
566 1133 835 1206 quantitati
859 1134 1054 1205 prioris
1097 1134 1239 1190 seriei
1275 1136 1592 1208 respondeat
1626 1143 1706 1199 sua
1731 1165 1880 1204 com-

196 1234 383 1293 petens
408 1222 459 1274 in
483 1219 707 1274 secunda
734 1219 893 1288 serie,
937 1239 1067 1292 quae
1094 1223 1158 1276 fit
1184 1240 1254 1276 ex
1276 1226 1432 1295 priori
1460 1225 1736 1283 secundam
1765 1250 1873 1288 cer-

197 1319 314 1360 tam
350 1306 531 1378 legem
557 1308 727 1375 genita
763 1343 775 1372 ‚
816 1308 1057 1362 dicantur
1091 1324 1262 1363 autem
1292 1314 1485 1379 prioris
1513 1313 1647 1368 seriei
1675 1320 1877 1388 quanti-

201 1404 338 1446 tates
361 1391 605 1458 radices,
668 1392 986 1461 posterioris
1023 1394 1164 1448 seriei
1186 1389 1466 1470 funffiones
1499 1399 1698 1457 suarum
1723 1403 1879 1461 radi-⁴

192 1477 396 1530 dicum.
481 1476 584 1533 Hic
605 1475 765 1544 igitur
790 1479 925 1532 duae
945 1494 1202 1550 poterunt
1226 1485 1360 1540 oriri
1395 1489 1731 1558 quaestiones
1771 1511 1786 1564 3
1833 1492 1873 1548 fi

192 1564 335 1619 enim
357 1563 674 1619 intermedia
701 1564 801 1617 alia
825 1568 1033 1636 quaeuis
1051 1568 1205 1624 radix
1217 1568 1500 1630 assumatur
1519 1612 1534 1645 ‚
1553 1578 1733 1648 quaeri
1748 1593 1872 1650 pot-

190 1651 267 1705 est
306 1667 435 1723 quae
477 1651 536 1706 fit
594 1649 702 1704 eius
743 1649 943 1706 fimstio
975 1654 1338 1728 competens?
1385 1674 1438 1714 et
1484 1663 1709 1719 viciflim
1743 1707 1758 1732 ,
1827 1667 1867 1721 fi

187 1738 508 1795 intermedia
536 1736 748 1813 quaeuis
774 1737 870 1791 alia
891 1737 1086 1795 funetio
1114 1741 1394 1798 assumatur
1414 1782 1429 1812 ,
1467 1750 1647 1818 quaeri
1664 1752 1860 1820 potest,

187 1841 325 1896 quae
350 1826 413 1880 fit
439 1827 545 1879 eius
570 1823 719 1878 radix
747 1838 1061 1894 competens
1089 1820 1111 1876 ,ἲ
1148 1823 1359 1884 Solutio
1385 1831 1567 1889 harum
1596 1836 1853 1907 quaestio-

188 1928 318 1968 num
346 1924 565 1969 vocatur
589 1910 1188 1986 alioquinylnterpolatm,

346 2101 400 2142 2.
495 2080 553 2137 Si
588 2084 682 2138 lex
718 2082 936 2155 cognita
966 2082 1028 2138 fit
1061 2101 1159 2156 qua
1198 2084 1482 2146 funffitmes
1508 2110 1576 2148 ex
1606 2092 1699 2152 suis
1726 2098 1858 2154 radi..

182 2173 328 2227 cibus
356 2184 669 2246 generantur
712 2214 725 2238 ,
792 2170 846 2223 in
879 2184 1099 2240 promtu
1137 2173 1210 2227 est
1248 2178 1606 2246 quaestionum
1652 2184 1850 2245 soiuti0.

184 2261 270 2316 Eo
297 2261 455 2331 igitur
493 2274 579 2311 res
616 2256 744 2311 redit
780 2299 793 2325 ,
819 2268 878 2309 vt
921 2255 1011 2312 lex
1036 2261 1297 2328 quaedam
1336 2281 1441 2333 pro
1488 2265 1709 2324 seriebus
1752 2289 1847 2327 ex-

179 2346 365 2417 positis
394 2346 700 2398 inueniatur.
745 2343 1023 2399 Eiusmodi
1057 2346 1164 2415 legi
1201 2347 1537 2407 inueniendae
1572 2350 1856 2414 Neutonus

180 2431 461 2486 theorema
498 2430 735 2500 generale
776 2429 1118 2503 praescripsit,
1244 2434 1553 2511 Quomodo
1585 2459 1711 2497 vero
1748 2446 1850 2502 tale

176 2518 452 2575 theorema
492 2517 709 2576 inueniri
735 2516 893 2592 possit
919 2561 933 2588 ,
976 2520 1026 2572 in
1055 2536 1122 2573 eo
1152 2518 1262 2576 sum
1290 2537 1346 2578 vt
1382 2526 1676 2589 ostendam.

1008 2600 1060 2661 Z
1102 2621 1131 2681 3
1644 2631 1691 2690 3·
1736 2617 1844 2673 1³0-
