2393 3590
476 222 555 286 68
930 217 1048 278 DE
1135 217 1605 282 BILANCIBV
1601 218 1646 280 S
1653 269 1669 285 .

477 380 703 455 quietem
727 377 1055 447 rediguntur,
1086 378 1154 433 ita
1180 389 1242 434 vt
1271 392 1381 433 non
1407 393 1540 449 opus
1566 377 1624 432 fit
1648 393 1730 431 eas
1755 373 1934 450 susque
1965 378 2147 451 deque-

474 469 679 524 librare
709 508 722 534 ‚
780 465 919 537 quod
951 465 1109 536 vulgo
1142 464 1201 520 fit
1232 500 1248 532 ‚
1297 478 1350 518 et
1385 481 1650 537 nunquam
1671 463 1777 519 fine
1801 466 2137 522 vacillatione

476 555 805 611 machinulae
831 552 1014 623 peragi
1035 553 1239 622 potest·‚
1270 549 1349 605 fed
1375 551 1804 620 sustentaculum,
1851 551 1998 625 super
2031 569 2140 624 quo

477 644 748 717 quiescunt
781 639 961 702 lances
999 680 1013 707 ,
1056 638 1371 713 deprimitur
1410 639 1748 694 incommota
1786 652 2030 693 manente
2055 639 2133 696 bi-

477 733 660 857 lanei
764 810 1121 869 Afferuatorii
1153 809 1236 865 seu
1259 810 1467 864 cistulae
1487 807 1706 863 bilancis
1739 807 1923 864 fundus
1963 810 2025 864 X
2059 810 2136 865 di-

624 856 676 874 Δ·

476 906 681 962 uidatur
709 903 763 955 in
789 914 897 954 tres
922 910 1100 966 partes
1128 893 1367 966 aequales
1390 896 1536 950 lineis
1563 894 1761 949 duabus
1786 910 1887 950 aet
1910 895 1939 950 b
1966 895 2144 952 secun-

479 993 603 1046 dum
631 985 1023 1055 longitudinem
1049 980 1233 1051 duc‘tiS,
1268 999 1395 1052 quas
1421 981 1617 1038 bisecet
1655 982 1994 1038 transuersim
2036 985 2144 1041 du-

475 1081 555 1135 c'ta
581 1077 692 1144 alia,
725 1089 766 1128 c.

617 1197 668 1266 “3.
754 1189 844 1246 Ex
872 1187 1068 1261 puncto
1094 1183 1469 1242 intersectionis
1493 1228 1508 1255 ,
1553 1186 1701 1258 quod
1725 1177 1896 1257 'tergo
1931 1186 2145 1245 cistulae

475 1279 802 1354 proximum
828 1276 900 1330 est
918 1268 1587 1345 d,parailelepipediumA
1625 1276 1701 1341 12¹5
1730 1271 2019 1340 dig.Ruten.
2049 1275 2140 1330 de·

479 1366 653 1422 cimal.
675 1365 851 1431 latum,
879 1364 922 1429 {5
952 1360 1058 1428 dig.
1084 1358 1312 1414 crassum
1335 1360 1468 1414 vltra
1501 1359 1733 1414 mediam
1773 1357 1981 1413 cistulae
2021 1361 2139 1416 alti-

477 1454 711 1509 tudinem
739 1445 1046 1503 normaliter
1070 1443 1306 1519 affurgat.

620 1554 683 1616 4,
770 1533 991 1593 Vertici
1028 1531 1467 1606 parallelepipedi
1503 1526 1567 1586 A
1607 1547 1766 1585 crena
1794 1531 2055 1588 incidatur
2101 1549 2146 1591 1.

479 1627 590 1696 dig.
616 1626 765 1697 long,
796 1624 838 1690 -ὲ
868 1622 972 1675 lata
1001 1636 1041 1689 e,
1085 1622 1163 1674 cui
1185 1621 1496 1674 immittatur
1522 1617 1887 1691 prominentia
1914 1620 2035 1674 alius
2064 1638 2152 1675 cu-

475 1714 676 1770 iusdam
706 1707 1138 1782 parallelepipedi
1170 1708 1217 1764 B
1248 1707 1417 1778 priori
1440 1705 1653 1773 similia,
1674 1704 1805 1759 haec
1830 1708 2139 1776 prominen-

473 1801 547 1857 tia
571 1800 753 1855 exac'te
775 1795 989 1868 quadret
1015 1796 1066 1848 in
1081 1795 1277 1867 prioris
1297 1809 1516 1848 crenam
1531 1834 1546 1861 ,
1591 1793 1661 1846 ita
1688 1803 1747 1845 vt
1779 1792 1886 1845 duo
1910 1793 2151 1865 parallel-

477 1887 724 1960 epipeda‚
768 1883 808 1938 fi
828 1881 920 1936 fibi
942 1894 1134 1938 mutuo
1160 1880 1379 1935 immiffa
1402 1878 1586 1935 fuerint
1615 1922 1632 1952 ,
1675 1877 1889 1933 vnicum
1909 1878 2152 1951 parallel-

477 1973 771 2045 epipedum
807 1970 1117 2024 constituere
1139 1968 1422 2023 videantur.
1463 1963 1666 2022 Inserta
1703 1980 1898 2020 crenae
1931 1966 2140 2038 promi-

479 2059 660 2113 nentia
688 2072 810 2110 cum
831 2071 894 2108 ea
916 2054 1197 2109 articulum
1221 2052 1414 2107 efficiat
1438 2069 1547 2123 ope
1564 2054 1673 2107 axis
1696 2051 1853 2107 ferrei
1875 2068 1916 2124 g
1948 2068 2045 2126 per
2057 2068 2151 2106 co-

482 2145 787 2218 pulatorum
812 2137 1390 2210 parallelepipedorum
1423 2137 1657 2191 mediam
1686 2137 1964 2193 crassitiem
1988 2138 2142 2193 traie-

482 2232 577 2298 cti,
620 2240 679 2283 vt
701 2223 1208 2299 parallelepipedum
1231 2221 1279 2277 B
1298 2222 1444 2276 vltro
1472 2222 1710 2295 citroque
1735 2224 1946 2279 moueri
1971 2224 2151 2298 possm,

477 2314 761 2386 immobile
786 2322 1032 2366 manente
1057 2307 1306 2365 inferiore
1329 2302 1410 2363 A.

630 2446 677 2509 5.
767 2427 1008 2502 Superius
1044 2425 1567 2504 parallalepipedium
1602 2426 1651 2484 B
1686 2428 1738 2485 in
1773 2429 2050 2486 cochleam
2074 2429 2140 2484 li-

486 2539 679 2595 gneam
706 2519 736 2575 b
762 2518 1002 2586 desinat,
1051 2533 1183 2590 quae
1218 2531 1316 2586 per
1350 2514 1589 2570 foramen
1623 2515 1656 2570 b
1693 2519 1820 2576 tecti
1859 2517 2068 2573 cissulae
2090 2513 2147 2570 Y

487 2610 694 2683 longius
713 2605 1104 2672 transmittatur,
1135 2613 1191 2656 vt
1209 2600 1452 2657 inclinari
1477 2614 1531 2657 et
1553 2602 1787 2659 reclinari
1812 2604 1865 2657 in
1889 2601 2148 2656 foramine

487 2698 653 2767 longo
675 2694 705 2749 b
723 2731 738 2760 ‚
777 2706 832 2748 et
855 2691 1001 2765 supra
1025 2691 1220 2748 testum
1250 2689 1450 2747 cistulae
1490 2688 1709 2746 cochlea
1739 2687 1971 2746 foemina
2006 2704 2034 2742 c
2056 2686 2147 2742 fir-

488 2784 626 2841 mari
651 2780 827 2857 possit.

1972 2857 2014 2916 6
2024 2910 2034 2921 .
2058 2858 2147 2917 In-
