2393 3590
583 106 706 190 478
838 179 840 181 ,
1013 103 1291 165 VETVS
1339 103 1816 167 rNsthTro

581 268 903 337 priuatarum
934 264 1098 319 litium
1124 264 1509 332 foederumque
1536 263 1645 314 aaa
1670 260 1894 317 Persicis
1917 256 2245 337 Graecisque

578 350 766 406 litteris
800 351 1077 418 exstitisse,
1106 347 1429 403 Armenicas
1457 358 1634 398 autem
1661 346 1853 399 litteras
1881 364 1993 404 ante
2021 351 2244 407 Miesro..

582 436 710 493 bum
797 439 1062 491 neminem
1127 433 1382 488 instituisse
1420 482 1425 485 ,
1452 432 1649 485 scribit.
1803 431 1942 488 Rem
2018 453 2238 493 omnem

580 524 646 577 ita
686 538 858 577 narrat
899 520 1072 576 Moses
1112 518 1484 575 Chorenenfis.
1573 510 1714 571 Cum
1753 518 2018 574 christiania
2047 525 2237 596 religio

584 607 817 678 auspiciis
857 607 1110 660 Tiridatis
1152 607 1291 674 regis
1328 605 1486 660 tertio
1518 607 1639 677 post
1665 603 1927 660 Christum
1954 619 2137 672 natum
2162 609 2234 662 se-

588 695 707 747 culo
738 711 831 764 per
860 691 908 746 S.
932 689 1259 760 Gregorium
1279 694 1329 746 in
1357 689 1616 745 Armenia
1642 691 1845 744 radices
1867 690 2238 763 egiffet‚exeo

590 792 837 851 tempore
864 778 1161 832 Miesrobus
1186 779 1473 835 Varasdati
1497 791 1550 830 et
1575 773 1795 831 Arsacis
1820 778 1925 836 IV.
1958 795 1985 831 a
2011 777 2238 849 secretis,

583 867 668 919 vir
699 863 972 937 religiosus
1005 878 1055 918 et
1086 865 1291 937 pietatis
1328 864 1597 939 augendae
1631 864 1847 940 cupidus
1875 905 1887 930 5
1920 865 2098 920 relicta
2131 866 2241 921 aula

585 951 840 1007 concessit
888 950 943 1004 in
987 952 1372 1006 monasterium.
1483 946 1674 1021 Atque
1706 967 1822 1003 cum
1853 951 1977 1004 esset
2002 947 2246 1013 Graecae

585 1037 801 1110 linguae
828 1037 1172 1112 peritus‚n0n
1194 1038 1362 1091 modo
1379 1038 1679 1108 praelegere
1700 1036 1901 1108 populo
1930 1037 2100 1093 sacras
2125 1038 2242 1092 scri-

580 1137 761 1194 pturas
795 1124 993 1178 {olebat
1027 1165 1039 1190 ‚
1097 1124 1182 1177 sed
1210 1124 1366 1178 etiam
1406 1123 1747 1193 interpretari.
1836 1116 2031 1178 Graeci
2060 1126 2148 1180 alii
2175 1123 2244 1178 sa-

587 1210 838 1265 cerdotes
884 1210 1049 1282 ignari
1089 1207 1356 1264 Haicanae
1391 1210 1592 1281 linguae
1624 1208 2000 1280 praelegebant
2026 1211 2237 1282 quidem

587 1291 829 1364 Graeca,
863 1297 945 1348 sed
972 1296 1050 1366 qui
1072 1297 1530 1366 interpretaretur,
1574 1307 1684 1347 erat
1711 1311 1897 1353 nemo,
1984 1294 2133 1351 Haec
2161 1314 2243 1352 res

585 1383 881 1436 commouit
900 1381 1260 1449 Miesrobum‚
1293 1396 1359 1436 vt
1379 1383 1514 1454 apud
1542 1381 1775 1435 animum
1804 1379 1943 1435 suum
1970 1384 2240 1437 constitue-

584 1481 695 1534 ret,
741 1462 950 1521 Graeca
992 1463 1297 1522 Armenice
1331 1469 1621 1522 traducere.
1724 1463 2095 1538 Nequidquam
2131 1468 2240 1539 hoc

581 1554 821 1607 tentabat
841 1595 855 1619 ,
897 1552 983 1604 nisi
1007 1555 1038 1605 fi
1063 1551 1263 1605 litterae
1299 1554 1554 1607 exstarent
1584 1593 1597 1619 ,
1648 1553 1831 1623 quibus
1860 1569 1918 1607 ea
1951 1556 2246 1611 commode

584 1637 1065 1691 transcriberentur.
1105 1634 1527 1691 Communicato
1555 1639 1772 1692 consilio
1806 1654 1926 1694 cum
1950 1640 2127 1695 Isttaco
2153 1660 2243 1714 pa-

583 1723 818 1777 triarchi
842 1718 1247 1789 Armen0,adiit
1272 1718 1514 1777 Abelem
1550 1726 1829 1794 quendam,
1855 1745 2014 1797 quem
2039 1728 2241 1783 audiue-

583 1822 667 1865 rat
688 1811 735 1863 id
756 1808 927 1879 ipfiim
966 1826 1125 1881 agere
1149 1851 1162 1875 ,
1197 1820 1250 1862 vt
1276 1808 1568 1865 efformatis
1590 1806 1867 1865 secundum
1895 1809 2137 1869 Graecos
2161 1814 2240 1869 lit-

579 1896 704 1950 teris
727 1938 740 1964 ‚
789 1893 1090 1951 Haicanum
1128 1895 1425 1950 sermonem
1448 1894 1724 1951 litteratum
1750 1898 2006 1960 efficeret.
2094 1898 2241 1956 Cum

585 1995 757 2036 autem
794 1974 1105 2053 imperfecta
1141 1982 1323 2036 omnia
1360 1981 1510 2036 isthic
1532 1985 1819 2052 reperiret,
1863 1988 1929 2039 ad
1952 1985 2252 2041 Danielem.

583 2067 899 2140 episcopum
942 2069 993 2121 in
1030 2068 1262 2122 inferiori
1292 2070 1679 2142 Mesopotamia
1705 2082 1756 2123 et
1782 2070 2000 2124 Edessae
2026 2073 2089 2125 ad
2112 2070 2236 2127 Pla-

584 2168 772 2207 tonem
813 2152 1083 2208 rhetorem
1124 2154 1378 2208 tabulario
1412 2151 1732 2225 praescetum
1785 2156 1893 2209 adit
1938 2156 2243 2230 formasque

585 2241 880 2294 litterarum
924 2240 1173 2293 fabricari
1210 2241 1433 2294 instituit.
1533 2238 1637 2294 Sed
1656 2258 1776 2295 cum
1801 2240 1957 2295 Plato
1984 2245 2035 2298 in
2057 2245 2243 2299 talibus

587 2342 774 2396 parum
802 2325 848 2380 se
882 2327 1153 2396 proficere
1187 2327 1394 2379 videret
1432 2362 1447 2393 ,
1507 2326 1860 2397 Epiphanium
1894 2333 2259 2385 commendat

591 2411 902 2482 magistrum
943 2413 1084 2466 suum
1118 2448 1131 2478 ‚
1179 2412 1445 2467 hominem
1477 2428 1726 2483 perquam
1763 2414 2035 2470 eruditum.
2141 2414 2242 2471 Ad

589 2513 709 2549 eum
739 2495 999 2564 profectus
1030 2495 1326 2552 Miesrobus
1348 2495 1700 2565 Samosatam,
1742 2503 2242 2571 acceptoque7diem

586 2581 777 2637 obiisse
825 2582 1170 2658 Epiphaniam
1221 2625 1235 2654 ‚
1301 2600 1417 2641 cum
1454 2583 1651 2642 Rufino
1676 2583 1928 2660 discipulo
1958 2588 2239 2661 Epiphanii

2063 2668 2235 2730 Grae-
