2393 3590
597 164 723 231 252
1141 139 1255 201 DE
1341 137 1707 205 TVBVLIS

596 318 727 372 tam.
815 295 860 345 ἦ*
883 300 946 358 In
970 314 1123 356 crure
1149 298 1394 370 longiore
1418 297 1712 354 mercurius
1737 295 1810 353 est
1833 340 1848 367 ‚
1893 307 1944 353 et
1973 293 2122 372 supra
2143 317 2269 358 eum

595 410 759 448 vacua
788 390 854 446 ab
881 404 1000 442 aere
1023 387 1133 443 tubi
1161 388 1341 460 portio
1371 386 1535 440 adhuc
1557 385 1666 438 satis
1687 384 1863 452 longa.
1946 385 2271 442 Instrumen-

598 494 660 534 to
685 480 752 534 ad
773 475 999 533 modum
1026 473 1329 531 Barometri
1356 473 1535 527 erecto
1565 506 1580 537 ‚
1631 469 1882 540 guttatim
1907 471 2108 527 effluxit
2130 492 2158 528 e
2186 489 2272 527 ca.

597 565 765 639 pillari
796 562 966 620 fistula
1001 561 1289 618 mercurius
1315 594 1332 628 ,
1370 558 1458 630 qui
1483 558 1535 612 in
1559 554 1691 612 tubo
1719 554 1903 612 nimius
1926 570 2049 612 erat.
2139 558 2276 616 Ces-

2131 645 2271 701 sante

601 855 646 905 *ί
730 859 784 917 F
782 860 961 937 ortaffe
993 861 1152 918 maius
1182 861 1301 918 huic
1335 860 1678 938 experimento
1703 861 1919 935 pretium
1935 862 2274 935 statueretur

738 948 804 1003 ab
829 949 1078 1024 aliquibus
1107 947 1373 1005 Leaorum
1397 983 1412 1014 ,
1425 943 1478 1019 fi
1496 946 1818 1004 methodum
1848 949 2183 1006 construendi
2198 964 2274 1005 tu-

738 1035 841 1090 bos
866 1036 1127 1093 eiusmodi
1150 1035 1432 1091 reticerem.
1525 1031 1608 1089 M
1608 1033 1689 1088 alo
1725 1044 1894 1091 autem
1925 1080 1940 1107 ,
1977 1047 2041 1091 vt
2062 1046 2110 1092 et
2129 1037 2196 1093 ab
2220 1051 2277 1092 a-

737 1121 819 1177 liis
830 1120 983 1195 facile
988 1122 1124 1194 fiat,
1159 1119 1292 1194 quod
1317 1138 1350 1174 a
1382 1136 1458 1174 me
1467 1118 1670 1193 salium
1695 1120 1871 1194 estsine
1896 1122 2154 1192 industria
2167 1123 2275 1200 stn-

728 1208 919 1281 gulari.
1006 1203 1161 1261 Sume
1179 1205 1406 1259 tubulum
1422 1203 1830 1259 Barometricum
1849 1208 2119 1279 longiorem
2155 1247 2171 1279 ‚
2219 1217 2276 1263 et

737 1291 953 1349 nonnihil
962 1292 1281 1361 graciliorem
1320 1324 1334 1354 ‚
1370 1297 1435 1342 vt
1442 1285 1648 1362 facilior
1671 1290 1774 1343 eius
1802 1285 2003 1366 inflexio
2021 1288 2146 1365 fieri
2162 1306 2276 1367 pos-

718 1375 819 1447 fit.
909 1373 996 1430 Sit
1027 1374 1111 1430 ille
1140 1377 1186 1430 in
1219 1374 1394 1430 altera
1434 1376 1783 1431 extremitate
1806 1377 1997 1451 claufiis
2027 1377 2274 1436 hermeti-

738 1477 791 1518 ce
815 1504 830 1531 ‚
862 1460 911 1516 in
946 1459 1115 1517 altera
1152 1469 1388 1537 apertus,
1489 1460 1780 1535 Impleatur
1806 1464 2063 1518 mercurio
2090 1498 2106 1530 ,
2137 1480 2278 1521 more

738 1548 934 1625 quidem
959 1557 1165 1622 recepto
1193 1584 1207 1617 ‚
1253 1547 1347 1620 sed
1365 1547 1632 1621 diligenter
1662 1557 1711 1619 et
1733 1547 1930 1617 exuite,
1963 1549 2033 1603 ad
2048 1548 2275 1602 altitudi-

740 1653 851 1692 nem
876 1651 1040 1709 vsque
1063 1645 1278 1710 quatuor
1291 1635 1493 1711 pedum,
1538 1645 1630 1690 aut
1657 1633 1891 1706 amplius.
1979 1630 2117 1688 Pars
2143 1649 2276 1688 mer-

739 1723 882 1779 curio
912 1738 1079 1778 vacua
1113 1721 1402 1799 inflee‘t'atur
1435 1720 1502 1778 acl
1515 1719 1922 1795 perpendiculum
1946 1719 2054 1775 tubi
2075 1719 2278 1793 reliqui,

746 1807 1048 1885 applicando
1075 1808 1320 1885 lampadis
1332 1809 1596 1883 flammam
1635 1811 1691 1863 in
1727 1805 1936 1882 aliquali
1966 1823 1998 1862 a
2035 1808 2280 1863 mercurio

744 1895 1008 1968 distantia,
1045 1913 1096 1951 v.
1119 1914 1200 1968 gr.
1251 1911 1296 1951 1.
1330 1894 1569 1968 pollicis,
1585 1895 1640 1971 fi
1655 1893 1807 1950 tubus
1820 1890 1996 1968 fuerit
2016 1893 2232 1964 gracilis
2259 1913 2279 1964 ·‚

743 1982 790 2036 in
821 1983 1002 2037 maiori
1038 2024 1053 2052 ,
1114 2000 1131 2035 z
1155 1984 1379 2054 crafflor,
1466 1979 1605 2037 Pars
1641 1980 1834 2056 reflexa
1856 1980 2007 2035 denuo
2025 1980 2078 2032 in
2097 1978 2279 2055 distan*

745 2069 824 2123 tia
851 2068 1066 2122 circiter
1104 2064 1178 2142 13
1199 2067 1381 2138 pollicis
1412 2065 1476 2119 ab
1503 2065 1678 2137 angulo
1705 2106 1719 2133 ‚
1774 2064 2010 2137 liquefiat
2043 2062 2115 2118 ad
2141 2063 2270 2119 lam-

740 2153 900 2229 padis
925 2155 1027 2209 vim
1056 2189 1071 2219 ‚
1117 2160 1167 2206 et
1190 2152 1240 2206 in
1268 2150 1492 2206 tubulum
1523 2149 1809 2226 capillarem
1844 2147 2069 2205 ducendo
2088 2159 2270 2205 exten-

751 2239 934 2300 datur.
1024 2237 1202 2296 Tuhus
1248 2239 1324 2294 ita
1354 2244 1579 2309 paratus
1613 2279 1629 2306 ‚
1654 2235 1706 2310 fi
1732 2246 1833 2309 pro
1865 2251 1965 2290 vno
1983 2232 2151 2310 solum
2184 2247 2278 2293 aut

751 2327 916 2382 altero
951 2326 1290 2399 experimento
1310 2322 1523 2397 seruire
1557 2322 1771 2377 deberet
1797 2342 1816 2391 ·‚
1844 2322 2062 2397 relinqui
2095 2322 2150 2377 in
2184 2322 2276 2380 hoe

734 2412 880 2485 flatu
898 2412 1071 2486 postet,
1113 2420 1162 2464 et
1181 2410 1371 2465 inuerti
1400 2410 1452 2464 in
1474 2408 1638 2482 fitam
1675 2407 1903 2465 erectum.
1993 2405 2145 2466 Mihi
2166 2410 2278 2484 pla.

752 2497 886 2563 cuit,
936 2513 1055 2551 erus
1088 2494 1403 2552 horizontale
1433 2511 1537 2550 vna
1560 2513 1670 2550 cum
1694 2511 1892 2551 annexa
1903 2491 2002 2567 sthi
2008 2494 2175 2567 fistula
2196 2512 2279 2551 ca..

745 2582 924 2656 pillari
946 2583 1100 2638 denuo
1123 2578 1412 2658 reflec‘lere,
1450 2590 1514 2636 vt
1540 2581 1694 2637 alteri
1712 2581 1854 2637 cruri
1870 2579 2174 2653 parallelum
2191 2598 2282 2638 ex·

756 2679 989 2725 curreret
1012 2691 1024 2725 ι
1066 2678 1224 2742 atque
1244 2677 1348 2723 tum
1375 2667 1563 2723 demum
1588 2668 1785 2741 erigere
1819 2667 1991 2724 tubum
2018 2686 2154 2726 more
2169 2667 2281 2746 Ba

756 2756 978 2813 rometri
993 2796 1009 2826 ,
1042 2763 1094 2812 et
1100 2752 1339 2835 spectare
1362 2756 1459 2813 eius
1475 2753 1821 2830 phaenomena.
2286 2747 2292 2749 ’
