2393 3590
595 213 716 286 504
1027 196 1733 268 OBSERVATIONES

1364 356 1476 417 VI.

582 507 1127 620 Olstrvationes
1153 533 1297 621 pro
1297 509 1473 617 solis
1497 507 1872 597 altitudine
1900 516 2240 602 meridia-

716 668 811 719 m
821 638 963 746 sab
977 633 1275 745 sofftitio
1314 642 1596 748 azstivo.

578 850 915 984 Notum
940 856 1015 912 est
1041 857 1182 929 quod
1208 856 1353 914 circa
1378 857 1589 915 solstitia
1614 859 1733 918 solis
1756 859 2031 917 declinatio
2055 857 2241 916 admo·

772 944 898 997 dum
925 943 1066 998 lente
1093 945 1289 1015 variet,
1324 947 1448 1018 quia
1470 949 1626 1002 etiam
1652 950 1907 1021 quantitas
1929 947 2242 1004 variationis

573 1031 724 1086 huius
749 1041 875 1082 nota
894 1030 971 1084 est
996 1047 1063 1084 ex
1085 1032 1242 1085 variis
1264 1032 1374 1087 solis
1399 1034 1647 1088 distantiis
1669 1054 1697 1090 a
1720 1035 1941 1091 solstitio
1958 1078 1973 1105 ‚
2010 1033 2235 1105 sequitur

572 1117 727 1183 inde,
765 1117 907 1188 quod
928 1133 997 1171 ex
1026 1117 1480 1175 observationibus
1516 1122 1748 1191 plurium
1793 1122 1996 1177 dierum
2031 1131 2151 1173 ante
2184 1131 2239 1175 et

569 1204 692 1277 post
730 1201 1000 1259 solstitium
1039 1205 1262 1261 altitudo
1290 1206 1561 1261 solstitialis
1593 1210 1786 1262 certius
1821 1225 1976 1278 quam
2017 1221 2089 1262 ex
2125 1202 2235 1262 sola

569 1289 869 1347 meridiana
902 1290 1167 1347 altitudine
1192 1293 1417 1348 lolstitio
1435 1295 1687 1366 proxima
1709 1292 1950 1349 concludi
1972 1289 2152 1369 poffit.

721 1435 1152 1498 Observationes
1178 1460 1312 1497 vero
1338 1461 1523 1500 omnes
1560 1462 1690 1518 quas
1729 1448 2044 1516 comparavi
2073 1461 2131 1504 ut
2160 1466 2228 1506 ex

564 1529 629 1586 iis
652 1545 833 1586 veram
849 1528 1188 1585 altitudinem
1204 1528 1526 1588 solstitialem
1549 1533 1799 1602 aestivam
1825 1532 2235 1611 concluderem,

562 1616 674 1674 funt
696 1615 980 1688 sequentes,

960 1787 1065 1846 Die
1095 1803 1117 1845 1
1137 1799 1189 1865 ς.
1209 1789 1338 1848 Iunii
1362 1785 1446 1851 A.
1487 1799 1662 1866 1727.
1685 1811 1739 1853 n.
1758 1792 1831 1854 St.

571 1879 643 2000 503
695 1885 777 1980 270
820 1882 905 1978 2110
955 1916 1214 1977 Altitudo
1242 1941 1503 1997 apparens
1540 1923 1695 1978 limbi
1729 1923 1918 1984 solaris
1941 1927 2223 2006 superioris

658 2024 734 2086 19
780 2022 865 2070 ΩΟ
951 2008 1120 2064 Error
1149 2011 1450 2081 quadrantis
1473 2008 1744 2067 addendus

812 2108 904 2178 44
948 2092 1206 2152 Refrastio

858 2179 899 2236 6
947 2177 1243 2237 Parallaxis

694 2281 764 2344 15
822 2278 892 2342 51
951 2260 1357 2324 Semidiameter
1375 2267 1500 2325 solis

567 2377 639 2442 53
691 2379 766 2437 23
796 2353 909 2420 ‘11-
949 2360 1210 2421 Altitudo
1236 2384 1360 2423 vera
1387 2370 1547 2425 centri
1563 2367 1739 2426 solaris

729 2464 768 2522 9
820 2466 902 2530 14
950 2449 1327 2510 Declinationis
1352 2456 1636 2513 differentia
1667 2476 1698 2514 a
1719 2456 1958 2519 solstitiali
1986 2463 2217 2524 declina-

1084 2551 1230 2595 none

568 2644 642 2708 53
702 2650 778 2707 32
823 2649 897 2713 25
954 2633 1210 2695 Altitudo
1234 2639 1529 2699 solstitialis.

2106 2735 2216 2792 Die
