2393 3590
481 110 611 180 432
906 88 1025 150 DE
1102 80 1595 148 chMERns.

483 248 697 323 Scythia
738 249 997 321 reperitur
1015 290 1028 316 ‚
1072 261 1223 321 quam
1261 242 1462 316 infidam
1482 240 1714 314 plerique
1728 237 1989 316 philosophi
2011 238 2060 296 hi
2100 258 2150 298 o-

485 336 748 411 riographi
777 333 1111 401 conlaudant,
1135 347 1289 403 quant
1315 335 1371 381 et
1409 323 1658 380 Iordanes
1679 325 2027 400 (Iornandem
2050 346 2150 402 pu-

486 423 601 499 tat,)
616 421 996 496 sapientiffimus
1017 413 1407 490 cosmographus
1431 407 1680 469 Scanzmn
1697 414 1934 484 appellat,
1958 432 2023 470 ex
2045 433 2151 490 qua

485 512 531 586 in
556 511 634 566 ula
652 509 959 584 pariterque
987 514 1166 576 gentes
1198 497 1517 556 occidentales
1564 497 1780 571 egressae
1808 497 1938 573 sunt
1977 522 1989 554 :
2035 520 2153 557 nam

487 594 686 652 Gothos
726 603 781 648 et
807 592 1024 657 Danos,
1068 592 1214 645 immo
1231 584 1382 665 fimul
1419 582 1652 659 Gepidas
1690 602 1752 640 ex
1781 601 1847 640 ea
1876 587 2156 660 antiquitus

489 683 869 759 exiffielegimns.
955 678 1094 757 Qui,
1120 667 1529 740 malum‚Gothi
1549 692 1577 728 e
1609 667 2156 730 Scandinauia?Nem-

490 790 560 845 pe
598 769 862 825 Ablauius
909 766 1083 838 aliquis
1136 761 1477 836 philosophus
1520 774 1874 830 cognouerat,
1900 763 2154 832 proxime

496 856 722 930 Scythas
745 869 894 926 atque
915 871 1083 926 paene
1117 852 1254 905 inter
1280 867 1374 904 eos
1401 864 1633 920 quoque,
1665 846 1874 902 coluiss‘e
1899 843 2091 916 Getas,
2126 866 2157 904 e

497 942 846 1002 Scandinauia
872 956 1045 998 autem
1071 940 1177 994 iam
1204 950 1317 992 ante
1346 953 1467 990 eum
1493 936 1575 989 alii
1610 930 1882 1005 Scythiam
1907 937 2158 1005 fecerant,

496 1051 628 1106 ergo
650 1047 857 1101 tempus
881 1041 995 1083 erat
1019 1069 1034 1095 ‚
1077 1039 1136 1079 vt
1162 1024 1287 1078 inde
1311 1017 1526 1077 Gothos
1549 1022 1726 1077 faustis
1750 1022 1925 1077 auibus
1945 1023 2158 1078 immit-

496 1133 636 1176 teret
658 1116 891 1177 Ponticis
910 1111 1214 1184 regionibus
1251 1124 1404 1180 atque
1440 1110 1563 1161 inde
1600 1108 1916 1164 florentibus
1942 1111 2155 1182 prouin-

496 1210 605 1262 ciis.
693 1203 860 1259 Adeo
885 1201 1015 1256 haec
1036 1215 1159 1272 pars
1185 1195 1430 1251 historiae
1458 1193 1611 1246 vario
1639 1207 1692 1247 et
1728 1197 1949 1268 ancipiti
1967 1196 2161 1252 tumul.-

436 1310 444 1322 ‘
496 1308 554 1349 tu
580 1295 653 1349 est
681 1291 908 1363 plenior,

639 1377 819 1458 Quam
845 1385 1012 1445 magno
1036 1376 1184 1423 vento
1203 1365 1403 1440 plenum
1428 1364 1491 1443 est
1509 1364 1759 1422 Undarum
1785 1383 1946 1424 mare.

498 1465 582 1521 Ita
631 1466 801 1521 Suetia
856 1459 986 1513 fae'ta
1022 1457 1095 1511 est
1134 1455 1314 1531 officina
1347 1454 1572 1525 gentium
1612 1488 1628 1520 ,
1685 1464 1779 1507 aut
1839 1463 1987 1508 certe
2023 1453 2166 1511 velut

500 1553 699 1624 vagina
737 1548 986 1602 nationum
1017 1580 1032 1612 ‚
1079 1559 1135 1598 vt
1171 1540 1451 1598 lornandis
1490 1540 1671 1594 verbis
1698 1555 1934 1598 Vtamur.
2038 1540 2170 1619 (10)

499 1641 568 1695 Et
629 1633 912 1692 [ornandes
984 1632 1192 1704 quidem
1246 1628 1381 1682 hanc
1445 1621 1707 1681 Getarum
1776 1644 1804 1681 a
1869 1624 2158 1684 Scandina-

500 1725 581 1778 uis
610 1738 660 1778 et
694 1720 933 1778 Cimbris
972 1720 1238 1788 originem
1265 1753 1279 1784 ‚
1330 1710 1584 1768 Getarum
1630 1713 1946 1769 carminibus
1970 1713 2168 1788 priscis

490 1823 653 1888 paene
676 1807 904 1880 historico
936 1809 1043 1864 ritu
1066 1807 1110 1860 in
1150 1819 1396 1858 commune
1415 1798 1563 1875 ιᾒιὲβὲ
1601 1799 1751 1855 recoli
1768 1800 1977 1875 solitam
2004 1838 2019 1870 ,
2051 1801 2172 1857 scri..

502 1900 575 1954 bit
602 1941 615 1966 ,
654 1911 708 1952 et
748 1911 849 1964 ego
884 1911 988 1966 pro
1019 1911 1142 1948 mea
1178 1889 1510 1960 simplicitate
1543 1887 1625 1942 his
1669 1888 1984 1942 carminibus
2028 1888 2171 1945 haud

500 2003 691 2061 parum
743 1982 867 2038 fidei
908 1982 1182 2036 detulerim
1216 2022 1230 2048 ,
1298 1978 1336 2033 fi
1373 1975 1636 2030 exstarent
1694 1991 1705 2026 :
1761 1991 1895 2029 nunc
1942 1975 2067 2029 mihi
2102 1978 2171 2032 E-

502 2072 817 2146 picharmus
864 2068 1171 2124 cantilenam
1221 2065 1359 2119 illam
1401 2061 1544 2117 suam
1570 2057 1883 2129 insusurrat,
1949 2057 2168 2139 νᾶφεζζ

507 2156 770 2235 μέμνασο
805 2150 1021 2223 dmg-av.
1120 2145 1268 2207 Cum
1292 2150 1436 2206 enim
1461 2146 1751 2202 lornandes
1777 2148 1843 2202 ab
1860 2148 1932 2203 his
1960 2153 2164 2204 carmi-

508 2249 658 2300 nibus
683 2261 788 2299 non
816 2244 1039 2298 seiunxit
1062 2239 1147 2295 sua
1174 2240 1261 2293 illa
1287 2255 1317 2292 e
1343 2231 1559 2289 Graecis
1581 2247 1633 2287 et
1654 2232 1845 2289 Latinis
1873 2277 1886 2303 ,
1921 2252 2030 2290 non
2052 2235 2173 2293 satis

510 2333 713 2387 constat
731 2373 744 2398 ‚
778 2345 1023 2402 quantum
1051 2345 1121 2381 ex
1140 2325 1372 2381 obscuris
1390 2315 1652 2376 Getarum
1674 2321 1996 2377 carminibus
2023 2340 2174 2379 acce..

509 2420 674 2492 perit,
716 2418 1005 2488 periculum
1031 2415 1103 2467 est
1134 2423 1306 2466 autem
1322 2452 1336 2478 ‚
1377 2424 1443 2462 ne
1468 2424 1569 2479 pro
1594 2410 1800 2463 vetustis
1823 2410 2016 2481 populi
2039 2410 2175 2467 illius

509 2505 903 2572 monumentiS,
941 2498 1224 2556 Iornandis
1250 2497 1501 2570 figmenta
1534 2496 1925 2566 ampledtamur
1952 2538 1967 2565 ‚
1997 2495 2177 2555 nubem

506 2602 603 2668 pro
629 2590 838 2645 Iunone.
924 2586 1089 2669 Multa
1114 2584 1199 2638 ille
1225 2602 1252 2639 a
1278 2596 1432 2656 patre
1457 2593 1509 2636 et
1535 2598 1633 2639 auo
1665 2582 1965 2656 ceterisque
2003 2586 2176 2658 gentis

2061 2669 2176 2729 suae

633 2760 732 2818 (ιω)
796 2754 830 2808 f.
854 2770 944 2816 193·
969 2768 1069 2812 194.
1096 2750 1348 2800 Muratorii
