2393 3590
612 128 1192 197 ALTITUDINIS
1229 130 1419 196 POLI
1740 155 1808 219 51
1827 154 1856 214 3

256 304 288 339 0

251 343 293 400 6
384 350 451 417 '35
541 293 630 416 410
715 329 976 391 Altitudo
1003 331 1196 387 solstitii
1221 332 1431 388 hiberni
1454 329 1810 412 (articu107)

483 443 485 445 ·
538 421 628 502 46
716 408 1090 494 Augmentum
1109 419 1429 477 refradtionis
1455 421 1776 498 filppofitum
1872 420 1875 425 “

242 519 284 577 6
376 536 458 599 34
552 533 630 598 54
715 518 973 576 Altitudo
999 517 1428 574 solstitiihiberni

204 619 277 682 53
374 623 452 682 32
544 620 630 685 40
717 603 975 661 Altitudo
996 601 1389 659 solstitiiaestivi

194 700 285 782 46
385 712 453 776 57
543 698 631 781 46
718 704 978 761 Distantia
1007 704 1349 775 tropicorum

198 801 278 859 23
370 783 448 846 28
550 802 573 863 5
592 802 619 860 3
717 789 1034 865 Obliquitas
1059 791 1351 862 eclipticae

203 889 284 949 30
421 886 451 943 3
538 885 618 952 47
714 876 970 933 Altitudo
999 880 1298 950 aequatoris
1746 935 1757 942 ,

206 975 282 1039 59
379 957 455 1036 56
550 975 572 1015 1
591 976 619 1033 3
711 959 972 1019 Altitudo
998 965 1116 1035 poli
1155 981 1254 1035 per
1276 964 1445 1021 solem
1469 964 1681 1021 inventa

205 1062 282 1125 59
375 1043 454 1123 56
550 1061 573 1102 1
591 1059 621 1119 3
715 1045 970 1105 Altitudo
994 1049 1108 1121 poli
1132 1066 1230 1121 per
1262 1052 1471 1108 stellam
1497 1055 1746 1128 polarem
1772 1053 1852 1110 in-

795 1148 967 1192 venta.

329 1241 460 1301 Nec
480 1243 585 1301 fine
605 1242 823 1299 ratione
841 1246 1162 1319 supponetur
1186 1244 1436 1302 refrastio
1463 1247 1654 1304 solstitii
1692 1249 1864 1305 hiber-

196 1332 251 1388 ni
277 1333 442 1387 tribus
462 1331 838 1402 quadrantibus
862 1335 1007 1386 unius
1032 1332 1220 1386 minuti
1246 1333 1407 1404 primi
1432 1336 1604 1389 maior
1630 1353 1791 1406 quam
1815 1336 1863 1388 in

196 1419 374 1474 tabula
400 1418 475 1476 D
499 1415 940 1474 Caffinihabetur
1027 1412 1286 1489 Namque
1316 1417 1449 1474 hlec
1497 1422 1862 1493 augmentatio

194 1523 302 1560 non
327 1503 491 1558 solum
531 1502 779 1556 conciliat
815 1502 1211 1558 observationes
1235 1505 1412 1560 stellae
1447 1506 1652 1580 polaris
1677 1521 1730 1563 et
1753 1507 1857 1562 sol-

199 1591 513 1659 stitiorum3
570 1586 656 1642 sed
688 1601 739 1642 et
774 1589 931 1662 ipsius
911 1590 1026 1646 D.
1057 1587 1256 1645 Caffini
1297 1592 1701 1648 observationes
1738 1611 1870 1664 quas

196 1676 401 1733 Parisiis
453 1674 632 1731 habuit
662 1672 783 1749 (vid.
823 1674 1139 1733 Comment.
1171 1673 1361 1737 Acad,
1411 1688 1592 1756 1714.
1631 1697 1688 1750 p,
1751 1685 1872 1752 33.)

198 1764 420 1819 maiores
442 1761 768 1818 refrastiones
791 1765 1021 1836 produnt
1043 1762 1317 1829 (hibernas
1342 1764 1862 1839 potiffimum)quam

195 1848 282 1906 sua
308 1848 519 1907 exhibet
540 1847 715 1904 tabula
740 1848 854 1906 suae
876 1865 1051 1905 novae
1076 1850 1360 1924 hypothesi
1385 1851 1588 1911 innixa.

347 2024 539 2084 Hieme
562 2024 846 2099 superioris
874 2025 988 2082 anni
1009 2024 1260 2082 indicium
1288 2025 1414 2083 mihi
1453 2026 1651 2096 obtigit
1679 2040 1862 2086 notatu

195 2112 407 2185 dignum
435 2157 449 2184 ‚
481 2129 584 2186 quo
608 2114 937 2172 refratstionis
964 2116 1328 2186 augmentatio
1355 2117 1501 2170 circa
1528 2114 1726 2171 solstitii
1753 2117 1862 2171 alti-

197 2200 427 2255 tudinem
457 2201 745 2256 verisimilis
780 2202 867 2260 fit.
968 2197 1098 2257 Sunt
1121 2203 1373 2258 nimirum
1414 2202 1706 2257 altitudines
1745 2202 1864 2258 solis

196 2286 517 2343 meridianae
550 2306 675 2360 quas
709 2287 1031 2344 exaeciffime
1069 2288 1345 2344 observavi
1360 2288 1541 2343 diebus
1561 2302 1769 2367 23‚24
1806 2302 1861 2344 et

195 2385 272 2447 25
300 2371 618 2431 Decembris
640 2373 797 2431 Anni
839 2372 992 2448 1728
1020 2395 1036 2444 ·,
1065 2393 1151 2430 eas
1174 2377 1226 2430 in
1254 2392 1536 2432 numerum
1559 2374 1708 2447 supra
1735 2377 1859 2432 alla-

198 2473 370 2514 tarum
395 2476 501 2515 non
533 2464 715 2531 retuli,
735 2461 810 2517 ob
839 2464 975 2520 hunc
1013 2462 1177 2533 ipsum
1201 2462 1452 2519 effestum
1480 2464 1852 2519 extraordina-

188 2547 325 2600 rium
355 2582 370 2613 ‚
406 2548 489 2602 sed
513 2547 723 2606 seorsim
748 2567 837 2606 eas
861 2566 961 2607 una
997 2566 1118 2606 cum
1156 2550 1422 2608 altitudine
1457 2548 1715 2608 solstitiali
1736 2552 1859 2607 inde

195 2631 425 2688 derivata
444 2633 523 2691 hic
554 2638 817 2694 recenseo,

193 2757 340 2825 Tam.
370 2765 448 2829 ΙΙ.
980 2770 1112 2830 Ttt
1754 2769 1861 2828 Die
