2393 3590
693 143 1310 212 ILLVSTRATVS.
1707 160 1834 241 465

188 317 334 376 Illius
359 322 538 371 amore
557 303 773 377 virginis
797 296 978 378 captus
1001 302 1296 379 Neptunus
1321 348 1336 377 ,
1366 304 1484 361 voti
1519 323 1750 379 compos
1775 310 1840 369 fit

192 421 244 461 et
269 401 383 476 post
413 396 592 473 gaudia
616 395 891 465 optionem
916 395 1192 465 permittit,
1230 411 1357 467 quae
1375 393 1562 465 vellet,
1602 398 1836 468 petendi.

185 493 280 549 Illa
315 488 380 542 dc
410 481 592 540 amiffo
620 481 823 553 pudore
847 477 1076 554 praefata
1102 523 1117 553 ‚
1147 481 1199 537 in
1224 480 1431 539 alterius
1469 483 1837 539 conditionem

182 580 325 634 sexus
350 571 563 630 transire
590 567 749 640 cupit,

715 654 967 726 grauiore
990 655 1236 728 nomffima
1255 653 1382 713 dixit

342 743 512 804 Verba
524 740 972 818 s0no7p0teratque
985 745 1102 798 viri
1131 758 1237 799 vox
1257 744 1342 800 illa
1364 744 1548 814 videri,

338 831 481 890 Sicut
505 837 643 883 erat:
678 844 790 884 nam
817 832 915 885 iam
943 837 1065 885 voto
1089 829 1207 887 deus
1228 833 1470 908 aequoris
1498 831 1602 890 alti

336 913 602 977 Annuerat.

187 1006 467 1067 Scholiasta
510 1000 737 1057 Luciani
766 1037 782 1069 ‚
831 1004 915 1072 qui
949 997 1298 1061 Samosatenfi
1323 1005 1432 1062 hoc
1457 1005 1624 1063 scurra
1651 1008 1832 1080 dignus

180 1096 368 1169 obtigit
390 1127 405 1159 ,
451 1090 503 1144 in
537 1083 697 1143 Gallo
720 1129 734 1156 ,
791 1084 879 1160 (2)
915 1087 1149 1143 fabulam
1175 1089 1313 1145 hanc
1339 1094 1663 1165 lepidiorem
1689 1097 1828 1165 fecit,

179 1200 298 1240 cum
321 1196 415 1254 per
440 1177 491 1232 se
516 1173 641 1231 effet
673 1173 982 1246 nequiffima.
1068 1170 1174 1228 Ait
1198 1178 1344 1231 enim
1372 1220 1384 1246 ‚
1433 1180 1662 1249 puellam
1703 1182 1822 1240 Ne-

176 1283 338 1343 ptuno
362 1263 593 1336 negasse,
622 1260 676 1316 ni
700 1262 896 1316 iuraret
922 1301 937 1329 ,
991 1257 1248 1316 fasturum
1281 1260 1331 1315 se
1370 1265 1538 1334 prim,
1564 1282 1695 1334 quae
1717 1267 1827 1340 ipsa

175 1354 398 1428 petiisset
438 1369 450 1404 ε
499 1347 697 1421 petiiffe
731 1364 797 1400 eo
826 1359 1082 1401 annuente
1101 1390 1115 1416 ,
1151 1360 1211 1402 vt
1238 1349 1387 1402 illico
1425 1366 1455 1403 e
1475 1349 1681 1419 virgine
1708 1353 1830 1408 esset

177 1457 320 1496 mas:
365 1435 524 1491 fecisse
556 1435 628 1488 ita
663 1427 979 1504 Neptunum
1027 1430 1213 1507 Stygia
1249 1436 1460 1492 numina
1493 1447 1544 1490 et
1570 1438 1828 1493 iusiuran-

179 1529 300 1582 dum
330 1532 646 1578 metuentem
686 1533 848 1588 eaque
880 1516 1023 1572 mala
1054 1520 1236 1577 fraude
1277 1523 1485 1580 dustum
1513 1536 1647 1577 voto
1675 1527 1822 1581 exci-

173 1612 295 1668 disse
361 1604 640 1680 potiundae
706 1603 940 1677 puellae.
1073 1606 1201 1665 Nec
1238 1609 1309 1664 fic
1356 1622 1534 1665 tamen
1593 1606 1817 1668 Caeneo

173 1695 447 1753 consistere
479 1691 618 1745 licuit
640 1706 740 1764 per
775 1690 1064 1751 Maronem
1092 1728 1108 1762 ,
1165 1697 1304 1768 apud
1331 1712 1488 1770 quem
1514 1692 1742 1754 Aeneae
1766 1700 1822 1756 in

176 1784 362 1843 vmbris
383 1777 613 1835 occurrit

435 1865 629 1922 quenis
654 1864 908 1940 quondam
926 1905 941 1936 ‚
979 1865 1339 1943 nuncfhemina
1363 1867 1613 1941 Caeneus,

299 1950 491 2027 Rursus
520 1960 572 2012 et
592 1952 641 2007 in
665 1952 1023 2027 veterem-fato
1049 1957 1273 2012 reuoluta
1279 1955 1527 2031 figuram.

168 2047 251 2105 Vt
285 2041 505 2101 Ouidius
576 2038 940 2096 Perrhaebum
974 2079 989 2109 ‚
1058 2044 1127 2097 ita
1181 2042 1529 2117 Palaephatus
1586 2040 1813 2120 Peripa-

169 2135 338 2191 teticus
380 2127 675 2185 Thessalum
741 2126 890 2183 fuiffe
946 2129 1180 2185 scribunt
1226 2147 1238 2183 ε
1288 2144 1339 2186 at
1364 2129 1614 2208 Hyginus
1653 2136 1818 2191 tradit

167 2215 585 2292 (33Magnes1um
618 2215 759 2272 fuiffe
789 2213 1067 2274 Caeneum
1102 2218 1246 2273 Elati
1280 2218 1448 2274 filium
1490 2221 1817 2295 eundemque

165 2303 302 2377 apud
322 2297 610 2373 Gyrtonios
630 2301 787 2374 egisse
809 2318 862 2358 et
890 2322 951 2359 ea
979 2304 1033 2358 in
1056 2304 1188 2359 vrbe
1203 2309 1435 2379 genuiffe
1449 2305 1734 2367 Coronum
1749 2311 1812 2366 fi-

164 2395 311 2448 lium.
394 2387 537 2466 Quid
558 2389 592 2444 si
614 2391 692 2446 cui
717 2408 814 2464 per
843 2393 1165 2447 insomnium
1189 2406 1338 2465 porta
1366 2395 1595 2451 eburnea
1613 2398 1811 2453 immit-

160 2491 333 2534 tantur
363 2474 461 2530 hae
495 2478 848 2550 cogitationes
886 2523 900 2549 ‚
960 2478 1159 2536 Caenin
1198 2494 1251 2537 et
1288 2479 1562 2538 Caeneum
1588 2497 1812 2558 vtroque
1898 2526 1912 2533 -

156 2565 279 2620 sexu
303 2562 508 2620 alternis
541 2565 594 2621 in
624 2567 770 2622 numi
793 2566 1037 2642 partibus
1061 2567 1285 2641 spectari
1339 2563 1364 2624 ἓ
1430 2564 1611 2645 Qud?
1636 2571 1671 2627 fi
1695 2569 1815 2629 Ar-

163 2647 305 2708 Tom.
330 2650 397 2706 11.
909 2653 970 2714 N
985 2672 1016 2710 n
1032 2673 1067 2710 n
1632 2657 1800 2715 chon-

270 2817 344 2880 (2)
406 2833 449 2883 P·
479 2831 546 2876 18·
610 2825 678 2884 (3)
716 2841 763 2891 p.
796 2840 871 2889 34.
900 2825 972 2875 ed.
995 2822 1228 2874 Munkeri.
