2393 3590
618 151 748 234 246
1141 145 1255 209 DE
1345 147 1707 212 TVBVLIS

606 307 728 380 quid
767 323 864 379 pro
897 305 1196 362 adiumento
1221 306 1589 382 explicationis
1611 307 1714 364 dici
1743 306 1988 369 aduersus
2007 301 2148 369 hunc
2171 307 2251 371 in.

604 395 807 449 ferendi
836 396 1063 448 modum
1085 394 1257 467 poffit.

742 480 913 538 XVI.
998 478 1268 537 Nimirum
1289 482 1385 539 vbi
1409 482 1776 552 experimenta
1810 496 1933 535 mea
1965 486 2031 540 de
2052 485 2266 558 capilla-

606 568 750 622 ribus
793 583 981 621 coram
1017 565 1270 623 societate
1310 568 1501 623 institui
1529 602 1544 633 ,
1581 578 1636 619 et
1666 565 1731 618 de
1751 566 1915 622 caussa
1941 585 2125 626 eorum
2149 571 2259 628 sen⁴

603 655 798 709 tenti-as
824 655 1119 708 amicorum
1149 657 1335 726 rogaui
1366 695 1379 721 ,
1407 664 1465 706 vt
1491 652 1556 706 ad
1584 651 1698 706 illas
1719 668 1897 707 meam
1918 690 1932 720 ,
1972 655 2162 728 fiopus
2183 675 2261 713 es-

567 811 577 819 ‚
600 744 676 797 set
688 784 699 810 ,
737 741 1012 809 exigerem
1029 758 1040 791 ;
1057 730 1277 800 Clariff,
1303 738 1551 811 Collega,
1576 734 1783 794 Daniel
1800 737 2115 798 Bernoullius
2129 785 2144 813 ‚
2163 761 2255 798 ne-

592 829 726 882 scius
754 827 923 880 adhuc
955 859 970 891 ‚
1010 822 1132 895 quid
1166 825 1232 879 de
1265 825 1374 880 hoc
1405 838 1718 898 argumento
1738 825 1950 882 Patruus
1986 827 2262 903 scripserit,

599 911 985 984 applicationem
1010 912 1180 982 priori
1202 912 1422 967 similem
1443 954 1457 980 ,
1487 911 1575 965 sed
1606 911 1970 985 castigatiorem
1989 914 2114 972 hanc
2136 915 2254 989 sup-

593 999 869 1072 pedit-nuit.
959 996 1178 1068 Repetit
1213 1014 1376 1069 aquae
1411 998 1649 1052 internae
1679 997 1833 1071 supra
1866 1000 2095 1057 libellam
2134 1018 2261 1058 cum

597 1100 819 1142 externa
848 1084 1206 1138 eleuationem
1234 1084 1301 1137 ab
1327 1084 1586 1154 impedita
1609 1083 1831 1157 superne
1861 1088 1913 1142 in
1939 1087 2105 1143 fistula
2139 1089 2254 1144 flui-

598 1174 653 1229 di
684 1170 1064 1236 incumbentis,
1094 1185 1204 1222 non
1235 1170 1373 1224 aerei
1402 1166 1685 1236 solum‚sed
1711 1174 1989 1252 praecipue
2009 1174 2265 1244 aetherei,

595 1257 862 1334 preffione
883 1254 1063 1309 libera.
1146 1253 1286 1310 Vult
1309 1253 1454 1306 basin
1481 1253 1623 1307 fluidi
1648 1254 1800 1310 huius
1838 1254 2263 1317 aereo-aetherei

595 1361 762 1418 aquae
786 1343 1090 1410 contiguam
1146 1379 1161 1404 ‚
1219 1355 1331 1393 non
1368 1350 1480 1393 tam
1515 1337 1730 1410 plenam
1764 1339 1872 1398 effe
1897 1345 1964 1399 ad
1987 1348 2265 1420 margines

595 1448 758 1503 vsque
792 1430 1032 1481 internos
1073 1424 1275 1480 fistulae
1313 1461 1329 1491 ‚
1402 1442 1561 1494 quam
1587 1427 1742 1499 plena
1769 1429 1842 1482 est
1864 1432 2062 1485 eodem
2089 1434 2261 1487 fluido

593 1513 901 1588 superficies
925 1511 1106 1584 priori
1131 1510 1387 1584 aequam,
1413 1511 1498 1568 sed
1528 1512 1581 1566 in
1603 1512 1776 1569 libero
1803 1530 1924 1569 aere
1945 1515 2040 1573 fita
2085 1551 2103 1584 ‚
2170 1516 2258 1572 vel

594 1619 750 1674 quam
778 1599 938 1670 plena
965 1599 1038 1653 est
1080 1599 1245 1654 fluido
1284 1615 1451 1671 nqueo
1473 1598 1718 1671 suprema
1745 1617 1906 1670 aquae
1929 1599 2257 1671 superficies,

591 1690 655 1746 Id
692 1686 1036 1758 vndecunque
1064 1688 1302 1756 eueniat,
1346 1687 1575 1757 perinde
1612 1686 1707 1743 est.
1804 1683 2031 1743 Interim
2057 1685 2142 1741 seu
2170 1702 2264 1741 ex·

590 1774 762 1846 empli
796 1772 878 1829 seu
912 1773 1250 1828 coniecturae
1280 1773 1410 1827 loco
1437 1772 1625 1844 ponit,
1671 1772 1954 1846 particulas
1987 1774 2091 1829 eius
2119 1771 2262 1827 fluidi

587 1860 698 1918 effe
740 1862 912 1934 aqueis
949 1860 1200 1915 maiores,
1287 1859 1499 1937 Quodsi
1524 1859 1668 1913 enim
1700 1859 1851 1931 super
1891 1860 2052 1931 plano
2086 1858 2261 1930 aliquo

591 1948 793 2021 pofitos
820 1948 1088 2017 concipias
1115 1946 1362 2019 globulos
1386 1949 1616 2001 maiores
1645 1982 1658 2011 ‚
1696 1945 1851 2017 super
1891 1947 2059 2001 altero
2083 1944 2260 1999 mino-

592 2052 651 2091 re
669 2051 715 2103 S,
746 2047 997 2104 Vtrosque
1022 2033 1125 2086 fine
1150 2032 1334 2085 ordine
1353 2073 1367 2099 ,
1396 2031 1483 2086 sed
1508 2032 1600 2085 fibi
1625 2030 1942 2099 contiguos3
1987 2031 2026 2085 fi
2049 2043 2262 2103 apertu-

594 2138 656 2176 ra
686 2120 873 2180 circini
915 2134 1222 2190 quacunque
1249 2160 1263 2186 ‚
1308 2116 1363 2169 in
1393 2118 1552 2186 plano
1578 2115 1843 2187 prioribus
1868 2117 2122 2188 parallelo
2147 2152 2164 2185 ‚
2199 2129 2258 2173 et

595 2224 695 2281 per
731 2207 967 2261 medium
1002 2204 1200 2259 horum
1230 2202 1583 2272 globulorum
1621 2200 1912 2257 transeunte
1939 2245 1954 2271 ‚
1989 2202 2259 2259 describas

596 2294 856 2348 circulum
883 2314 893 2348 ε
935 2291 1172 2346 transibit
1198 2291 1374 2361 vtique
1399 2288 1695 2361 peripheria
1720 2289 1849 2343 haec
1872 2306 1967 2352 per
2007 2288 2258 2363 globulos

597 2379 929 2447 complures,
1017 2379 1272 2450 Erigatur
1301 2375 1451 2446 super
1493 2375 1586 2429 hac
1628 2374 1928 2445 peripheria
1951 2375 2256 2450 superficies

598 2463 902 2535 cylindrica
930 2483 947 2530 ·,
975 2476 1025 2515 et
1059 2463 1151 2516 fint
1192 2462 1392 2534 globuli
1420 2462 1492 2514 illi
1523 2460 1850 2518 indiuifibiles
1875 2482 1887 2516 z
1914 2463 2256 2518 excludentur

597 2567 628 2605 e
655 2551 873 2602 cauitate
890 2547 1108 2619 cylindri
1130 2548 1410 2602 omnesilli
1436 2547 1652 2619 globuli,
1672 2564 1770 2617 per
1795 2564 1928 2619 quos
1947 2547 2255 2622 peripheria

593 2634 790 2692 transiit
820 2635 991 2689 modo
1019 2648 1320 2689 memorata
1350 2651 1365 2704 3
1407 2646 1459 2686 et
1493 2635 1656 2688 maius
1680 2634 2003 2706 relinquetur
2027 2651 2254 2690 vacuum

596 2724 652 2780 in
677 2721 764 2778 illo
794 2722 1016 2796 circulo,
1042 2722 1133 2793 qui
1158 2738 1251 2794 per
1275 2719 1532 2794 globulos
1561 2720 1735 2778 dusius
1758 2721 1826 2777 est
1854 2723 2098 2777 maiores
2149 2721 2257 2780 Mi-

2158 2824 2263 2864 nor
