2393 3590
463 105 900 194 AQVARVM
960 57 1496 174 FLVENTIVM
1709 132 1827 197 305

176 290 233 328 re
259 308 274 339 ‚
312 285 379 323 ex
409 264 750 335 sequentibus*
771 264 973 338 patebit
1009 283 1023 338 ;
1065 266 1195 322 haec
1241 280 1412 324 autem
1455 267 1832 327 determinatio

170 356 373 428 pendet
390 354 613 405 omnino
644 369 672 406 a
697 353 866 407 modo
898 396 911 422 ,
941 369 1045 425 quo
1077 355 1234 408 fluida
1261 368 1413 423 agunt
1432 357 1482 409 in
1510 357 1703 430 solida3
1747 358 1832 415 se'd

168 440 344 511 potest
385 437 733 492 diuerfimode
766 437 897 494 haec
931 440 1072 494 actio
1104 441 1356 511 concipi,
1399 459 1505 495 non
1538 444 1645 498 fine
1674 448 1829 500 vario

168 522 414 582 success‘u.
503 525 670 581 Vnde
691 526 809 580 nihil
846 525 1177 582 statuendum
1202 526 1331 582 mihi
1354 528 1641 603 proposui,
1684 531 1827 604 quod

171 628 282 667 non
307 611 644 685 experientia
665 609 792 666 effet
815 612 1213 670 confirmatum.

304 699 380 757 II,
471 693 526 750 Si
564 697 906 768 concipiatur
943 699 1155 755 fluidum
1193 700 1432 754 constare
1459 719 1526 757 ex
1552 703 1827 774 particulis

173 785 391 841 elasticis
415 818 430 850 ‚
471 798 596 852 quae
622 784 791 839 statim
818 785 938 857 post
957 786 1237 856 impulsum
1262 787 1327 841 ad
1346 787 1475 843 latus
1500 789 1827 846 desiliantlo„

171 888 394 945 cumque
422 868 610 923 filciant
646 871 910 940 particulis
943 871 1394 942 subsequentibus,
1441 889 1565 934 tunc
1593 877 1817 947 preffio-

168 975 289 1013 nem
334 955 618 1010 fluidorum
666 955 969 1024 sequentem
1003 957 1053 1009 in
1087 958 1312 1013 modum
1351 961 1708 1018 determinare
1750 964 1816 1018 li-

164 1043 328 1098 cebit.

308 1128 585 1203 Impingat
600 1129 820 1184 fluidum
834 1124 1171 1204 ABDC(fig.
1187 1144 1209 1185 1
1222 1172 1229 1182 .
1243 1133 1761 1203 >perpendiculariter
1773 1139 1825 1194 in

162 1215 382 1288 planum
402 1216 508 1271 BD
536 1217 792 1285 ponderis
822 1218 1147 1288 exper3,cui
1177 1234 1439 1273 annexum
1473 1222 1548 1275 est
1568 1238 1674 1293 ope
1699 1238 1819 1278 tro„

165 1302 408 1358 clileaeR
424 1302 632 1373 pondus
648 1300 772 1359 MN
788 1302 931 1372 quod
946 1302 1092 1357 fluidi
1104 1305 1367 1375 impetum
1390 1304 1629 1360 sustinere
1653 1309 1827 1380 possit.

165 1386 408 1443 Sumatur
432 1388 485 1440 in
514 1388 679 1440 fluido
703 1387 986 1459 longitudo
1011 1391 1219 1461 quaeuis
1243 1386 1502 1460 BA:a‚
1537 1395 1826 1468 cuiuspon-

165 1475 258 1528 dus
276 1486 507 1544 ponatur
527 1481 648 1545 ἶρ,
665 1484 876 1544 tempus
899 1488 1100 1543 autem,
1148 1494 1254 1548 quo
1280 1477 1496 1533 fluidum
1531 1481 1818 1550 longitudi-

162 1576 286 1615 nem
307 1559 580 1615 assumtam
608 1558 854 1614 describit
886 1571 984 1615 :t
1023 1563 1231 1618 minutis
1263 1562 1357 1617 see.
1393 1565 1825 1641 expreffum‚spa.

164 1647 295 1701 tium
332 1646 472 1718 quod
509 1661 664 1715 graue
697 1646 868 1701 libere
893 1650 1136 1702 cadendo
1161 1666 1188 1701 a
1212 1651 1383 1721 quiete
1405 1650 1655 1708 describit
1679 1668 1815 1710 tem-

159 1749 297 1804 pore
315 1734 464 1788 Vnius
491 1733 675 1787 minuti
702 1731 926 1792 seczs.
1018 1733 1178 1790 Nunc
1210 1748 1269 1789 vt
1297 1736 1663 1794 determinetur
1686 1757 1822 1813 pon-

160 1821 257 1874 dus
277 1818 434 1888 MN,
472 1818 822 1874 considerabo
848 1819 1058 1891 planum
1080 1819 1188 1874 BD
1219 1835 1471 1894 tanquam
1498 1824 1704 1880 alternis
1733 1828 1813 1881 vi·

156 1906 306 1961 cibus
334 1907 527 1961 cedens
561 1906 614 1959 in
649 1906 796 1962 situm
827 1904 893 1960 bd
922 1906 1217 1978 iterumque'
1236 1909 1288 1962 in
1328 1907 1515 1964 locum
1543 1911 1818 1982 pristinum

156 1994 364 2048 rediens
400 2029 417 2061 ‚
469 1991 712 2065 huncque
733 1992 861 2048 itum
899 2005 949 2047 et
983 1992 1212 2049 reditum
1246 1997 1402 2050 toties
1422 1994 1573 2066 fieri,
1612 2000 1825 2071 quoties

154 2079 435 2151 particulae
471 2079 610 2135 fluidi
645 2080 947 2153 impingunt
983 2082 1035 2134 in
1056 2080 1296 2152 planum,
1388 2077 1622 2154 Fingam
1644 2104 1819 2158 porro

156 2165 375 2222 fluidum
402 2165 619 2221 diuisum
643 2167 741 2222 effe
769 2168 821 2221 in
841 2167 998 2222 multa
1027 2166 1178 2221 strata
1211 2179 1278 2244 pp
1297 2211 1311 2237 ‚
1358 2183 1413 2223 00
1441 2182 1546 2230 etc,
1580 2159 1816 2228 ‘tenuiffi-

156 2270 243 2308 ma
282 2266 335 2307 et
371 2252 539 2307 solida
569 2294 582 2322 ‚
625 2270 852 2327 quorum
891 2252 1106 2308 latitudo
1142 2253 1203 2307 fit
1224 2253 1329 2309 :L
1420 2254 1515 2312 His
1535 2258 1604 2312 ita
1630 2261 1814 2330 positis

153 2352 298 2411 patet
320 2339 535 2394 fluidum
553 2340 1164 2396 absoluerelatitudinem
1188 2342 1339 2398 vnius
1360 2342 1500 2397 strati
1513 2353 1582 2419 pp
1597 2383 1613 2411 ,
1656 2346 1815 2403 inter-

157 2442 218 2480 ea
257 2426 384 2480 dum
415 2428 622 2499 pondus
659 2425 784 2484 MN
811 2426 974 2482 semel
1015 2425 1240 2481 ascendit
1278 2441 1433 2483 motu
1475 2427 1812 2490 vniformiter

159 2515 421 2567 retardato
454 2530 551 2587 per
586 2513 919 2569 altitudinem
948 2514 1063 2570 Mm
1090 2550 1104 2581 ‚
1145 2515 1443 2588 iterumque
1465 2533 1563 2587 per
1585 2520 1809 2575 eandem

159 2596 467 2652 altitudinem
498 2615 652 2654 motu
689 2601 842 2655 simili
874 2613 927 2654 et
951 2602 1238 2672 reciproco
1266 2602 1542 2662 descendit.
1630 2604 1810 2661 Potest

162 2692 328 2733 autem
366 2700 562 2758 corpus
593 2684 720 2744 MN
752 2687 948 2741 eodem
976 2700 1225 2757 tempore
1258 2705 1362 2760 quo
1388 2687 1621 2743 ascendit
1646 2703 1695 2742 et
1726 2693 1814 2746 de-

159 2760 308 2823 Tom.
335 2765 401 2822 11.
994 2765 1090 2843 Qq
1669 2774 1810 2833 scen-
