2393 3590
753 190 873 251 DE
957 190 1481 258 BILANCIBVS.
1875 221 1958 287 43

444 347 581 425 Reg.
613 347 713 410 VI.
809 342 1036 404 Axiculi
1063 348 1273 421 infimior
1295 352 1430 408 acies
1457 350 1536 423 F,
1567 357 1843 428 pauculam
1863 358 1953 431 fiz-

799 446 909 508 pra
930 436 1113 492 lineam
1151 433 1294 507 GH,
1316 450 1409 513 per
1434 441 1620 514 parfia
1639 442 1961 521 suspenfiom's

790 522 1007 578 lanciam
1033 522 1312 603 duelamstt
1327 523 1497 601 posita.

433 624 530 666 21,
621 608 760 670 Satis
786 611 1126 666 necessarium
1150 613 1257 668 hoc
1280 615 1586 687 requifitum
1622 616 1689 671 ab
1730 618 1840 675 aliis
1856 618 1957 676 iam

283 697 723 768 demonstratum,
749 699 929 773 probe
952 697 1354 756 obseruandum.
1442 721 1479 756 οι
1502 700 1680 758 Altius
1703 707 1839 760 enim
1861 724 1959 778 po-

286 782 401 838 situs
432 787 662 841 axiculus
688 788 786 855 iugi
809 822 823 853 ‚
875 787 1143 858 pigritiem
1167 788 1367 844 inducit
1388 789 1602 844 bilanci.
1621 791 1724 866 βίη
1748 792 1858 867 ipsa
1876 792 1950 848 su-

286 867 572 940 spenfionis
597 873 831 928 lancium
856 871 994 925 linea
1018 871 1137 926 sltuS
1154 873 1423 929 bilancem
1446 877 1534 931 dat
1554 879 1851 936 admodum
1876 897 1958 935 ce-

290 956 461 1010 lerem
486 1001 500 1027 ‚
534 973 589 1013 et
615 975 879 1029 nunquam
903 958 1013 1011 fere
1049 958 1112 1011 ad
1148 961 1369 1031 quietem
1396 962 1706 1019 redeuntem
1735 987 1752 1036 3
1798 986 1851 1042 ’γ
1881 968 1958 1022 in-

287 1037 576 1097 sta'lineam
599 1043 736 1097 hanc
760 1042 1046 1095 collocatus
1074 1043 1341 1099 bilancem
1362 1050 1514 1116 plane
1537 1051 1720 1120 perdit
1752 1094 1767 1120 ,
1800 1066 1860 1107 vt
1897 1071 1956 1111 ea

285 1143 552 1200 nunquam
588 1127 992 1188 horizontaliter
1025 1126 1160 1182 stare
1183 1129 1370 1200 poffit,
1417 1130 1503 1185 sed
1529 1135 1744 1191 demiffo
1764 1140 1955 1196 alteru-

286 1223 375 1270 tro
389 1214 604 1270 brachio
636 1216 852 1289 oblique
880 1214 1194 1286 dependeat.

429 1302 561 1377 Reg.
587 1303 720 1361 VII.
810 1300 934 1359 Non
962 1299 1224 1358 admodum
1246 1302 1385 1379 longe
1406 1302 1671 1380 dependeat
1691 1307 1862 1382 iugum
1889 1312 1956 1369 ab

801 1404 926 1454 axe,
948 1386 1080 1442 alias
1102 1391 1300 1463 pigram
1326 1402 1373 1448 et
1388 1390 1640 1468 segnioris
1662 1406 1825 1454 motus
1852 1399 1948 1456 ha-

811 1472 950 1530 bebis
966 1471 1230 1538 bilancem.
1526 1530 1527 1533 ,

425 1574 525 1619 22.
609 1560 841 1635 Egregie
879 1560 1102 1635 quidem
1153 1578 1299 1622 nutat
1343 1579 1494 1641 atque
1535 1568 1733 1627 oscillat
1769 1573 1957 1633 diutius

278 1661 559 1722 antequam
611 1650 677 1704 ad
715 1649 950 1721 quietem
979 1651 1123 1707 redit
1157 1655 1280 1709 illud
1308 1655 1483 1728 iugum
1509 1660 1655 1730 quod
1681 1662 1953 1720 axiculum

278 1737 427 1792 altius
461 1734 615 1802 supra
645 1735 865 1811 scapum
902 1736 1069 1793 habet
1101 1741 1338 1812 positum
1362 1784 1376 1811 ,
1434 1744 1474 1801 fi
1501 1745 1678 1801 lances
1706 1751 1951 1806 nondum

273 1822 369 1879 fint
394 1824 670 1898 appofitae
695 1867 709 1894 ‚
769 1825 1075 1899 ignarisque
1105 1828 1373 1884 bilancem
1396 1833 1676 1902 promittit
1719 1837 1951 1891 celerem

273 1923 436 1984 atque
464 1912 663 1967 iustam.
754 1910 861 1969 Sed
883 1912 973 1985 spe
994 1913 1413 1987 frustrantur‚qui
1435 1917 1569 1972 hanc
1597 1919 1651 1973 in
1678 1923 1951 1979 mobilita-

270 2009 322 2052 te
348 1999 465 2054 talis
511 1998 652 2072 scapi
680 2013 885 2072 ponunt
915 2001 1198 2061 fiduciam.
1282 1999 1564 2077 Appenfis
1591 2009 1734 2062 enim
1793 2010 1953 2067 lanci-

272 2083 366 2139 bus
399 2087 611 2159 pigram
635 2100 789 2160 atque
809 2089 1034 2142 inertem
1060 2088 1398 2159 experiuntur
1427 2090 1711 2153 bilancem.
1812 2096 1948 2175 Quo

271 2174 427 2228 altius
454 2175 595 2231 enim
626 2174 870 2230 axiculus
893 2173 1042 2247 supra
1069 2175 1288 2248 scapum
1311 2177 1384 2231 est
1408 2180 1606 2249 positus
1624 2198 1716 2250 ‚eo
1743 2187 1945 2241 tardior

272 2260 683 2331 deprehenditur
711 2262 909 2330 bilanX‚
943 2280 1102 2335 quam
1127 2277 1184 2319 vt
1218 2281 1245 2318 a
1279 2267 1472 2320 minori
1505 2269 1748 2340 pondere
1776 2273 1942 2345 lingu-

267 2347 316 2401 la
335 2348 490 2418 poffit
514 2352 741 2410 moueri,
831 2347 1253 2424 Contrapondio
1269 2352 1733 2427 quidemlingulae
1753 2375 1862 2413 non
1879 2377 1940 2414 o-

264 2451 362 2505 pus
399 2434 555 2489 babet
593 2437 705 2491 talis
731 2437 942 2506 bilanx,
991 2438 1417 2511 quandoquidem
1459 2441 1765 2513 dependens
1802 2447 1941 2503 trabs

263 2523 407 2575 vices
432 2525 799 2596 contrapondii
829 2525 962 2597 gerit
989 2571 1002 2597 ‚
1064 2525 1152 2582 sed
1175 2525 1369 2598 eoipso
1399 2528 1668 2586 difficilius
1687 2549 1939 2591 mouetur

265 2607 350 2663 illa
392 2609 457 2662 ab
480 2627 645 2664 onere
671 2613 919 2685 imposito
945 2655 959 2682 ‚
1001 2615 1142 2668 cuius
1166 2616 1305 2670 ratio
1343 2615 1737 2674 Mathematicis
1755 2620 1938 2678 clarius

265 2709 414 2764 patet
441 2716 599 2768 quam
634 2713 694 2753 vt
726 2700 939 2773 prolixa
974 2702 1207 2773 indigeat
1230 2702 1603 2774 explicatione.
1690 2702 1805 2763 Fiat
1842 2709 1935 2764 ita-

264 2799 364 2854 que
379 2781 482 2838 hoc
495 2786 682 2839 modo,
1436 2781 1443 2791 '

1144 2871 1283 2934 F2
1838 2897 1913 2954 23
