2393 3590
578 179 703 244 370
878 156 1266 224 PLANTAE
1344 156 1670 221 DVBIAE
1735 153 1853 217 AD
1927 153 2082 218 SVA

551 321 663 387 ,scit
686 321 735 377 in
763 319 1026 376 montosis
1051 317 1271 377 Naruae
1309 318 1434 390 ripis
1472 328 1524 369 et
1559 314 1741 386 primo
1769 313 1929 370 floret
1953 330 2093 386 vere,
2115 312 2235 381 vid.

574 409 666 482 fig.
694 424 743 465 Ω.
771 408 916 464 Tab.
947 406 1163 462 XXlII.

721 493 854 549 Alia
879 493 1045 547 adhuc
1078 490 1247 562 specie
1284 503 1421 542 noua
1465 501 1626 560 genus
1661 478 1978 557 Androsa'ces
2020 505 2232 562 augere,

573 583 640 636 ab
667 580 773 634 hoc
802 581 930 633 loco
949 594 1060 632 non
1085 576 1181 629 erit
1206 574 1448 629 alienum.
1539 572 1630 629 Est
1650 572 1733 627 illa
1756 568 2043 643 Androstzce
2073 572 2229 649 Afri-

576 683 706 722 cana
762 708 776 733 ‚
813 667 948 741 flore
988 677 1181 733 magno,
1264 659 1573 734 Descriptio
1593 671 1837 731 quantum
1862 660 2123 731 explanta
2144 664 2235 718 fic-

579 771 643 808 ca
691 752 938 820 colligere
981 747 1102 802 licet
1139 746 1354 820 sequens
1387 748 1480 806 est,
1569 745 1750 802 Radix
1777 744 1961 811 craffa,
1990 744 2236 819 albicans,

575 841 716 894 reeta
739 839 788 892 in
815 851 1014 891 terram
1040 831 1373 890 descendens.
1459 829 1617 891 Folia
1654 830 1975 888 subrotunda
2012 847 2240 904 crenata‚

495 942 499 946 ·
575 925 760 980 leuiter
785 925 968 978 incana
992 964 1005 990 ,
1040 921 1386 977 determinate
1425 919 1684 975 nascentia
1714 957 1728 988 ,
1755 921 1889 974 intra
1909 934 2041 991 quae
2063 923 2231 992 prod-

578 1024 700 1067 eunt
726 1010 891 1066 caules
917 1009 1112 1080 aliquot
1128 1006 1255 1082 (duo
1279 1008 1335 1061 in
1359 1008 1552 1072 nostra)
1589 1007 1832 1075 rotundi,
1869 1005 2059 1060 virides
2100 1049 2116 1077 ‚
2147 1007 2229 1063 fo-

577 1098 655 1153 liis
679 1098 896 1153 destituti
929 1131 943 1161 ‚
989 1094 1076 1147 nifi
1102 1093 1326 1166 superius
1362 1093 1451 1148 vbi
1481 1092 1687 1147 corolla
1723 1094 1983 1148 foliorum
2012 1093 2238 1164 exiguo..

576 1203 692 1241 rum
727 1201 836 1239 non
865 1191 1205 1236 crenatorum
1232 1180 1391 1251 cingit
1418 1180 1578 1234 flores
1603 1178 1982 1252 monopetalos
2016 1182 2240 1255 quinque

577 1271 718 1327 fidos
747 1269 918 1336 albos,
943 1267 1048 1322 vid.
1072 1265 1220 1322 Tab.
1248 1262 1467 1318 XXIII.
1491 1264 1589 1335 fig.
1629 1277 1683 1335 3,

715 1354 1052 1412 Plukenetius
1077 1351 1130 1401 in
1160 1348 1573 1424 Phytographia
1615 1348 1834 1406 delineat
1869 1348 1997 1406 folia
2030 1352 2245 1427 plantae

574 1462 706 1518 quae
742 1453 962 1496 vocatur
999 1429 1240 1492 Ceratiae
1272 1434 1629 1511 quodmnmodo
1661 1437 1821 1510 affinis
1867 1435 2238 1512 Benghalerfis‚

562 1529 703 1604 follis
726 1523 1017 1598 bigemellis,
1027 1519 1342 1594 sztbrotzmdis
1368 1519 1572 1597 filiquis
1588 1519 1846 1579 admodum
1871 1520 2083 1575 intortis
2109 1531 2162 1574 et
2185 1524 2240 1578 in

576 1612 720 1669 orbes
754 1609 1092 1686 cIrcznnflexis
1115 1627 1176 1666 ex
1204 1609 1343 1664 minis
1367 1604 1916 1683 nigricantibasfrucilu
1945 1606 2093 1662 rubro
2123 1624 2233 1662 ma-

575 1699 692 1756 cula
711 1700 858 1772 nigra
884 1696 1129 1773 infigm’to,
1221 1693 1409 1755 Flores
1430 1697 1568 1751 huius
1592 1693 1698 1750 sunt
1723 1693 2043 1766 pentapetali
2071 1709 2138 1747 ex
2161 1695 2244 1748 vi.

576 1788 672 1843 ridi
701 1786 1038 1851 albescentes,
1065 1782 1230 1837 tribus
1260 1784 1447 1857 petalis
1480 1781 1751 1836 latioribus
1784 1792 1839 1833 et
1857 1778 2057 1834 duobus
2084 1797 2242 1853 angu.

575 1872 819 1930 stioribua
848 1873 902 1927 in
933 1871 1129 1927 orbem
1150 1871 1335 1943 positis
1362 1870 1576 1924 conflati
1604 1911 1618 1938 ,
1655 1868 1832 1938 calyce
1873 1867 2065 1937 pariter
2098 1870 2246 1936 quin-

576 1959 792 2033 quefido
822 1959 1070 2014 sustentati
1104 1993 1119 2022 ‚
1183 1958 1236 2011 in
1262 1956 1455 2028 spicam
1493 1954 1735 2025 dispositi.
1820 1948 1970 2007 Hinc
1998 1969 2108 2008 non
2133 1954 2250 2009 ine-

577 2059 674 2119 pte
698 2038 914 2100 refertur
946 2044 1011 2096 ad
1040 2040 1276 2097 Cristam
1300 2041 1525 2096 Pauonis
1550 2039 1763 2110 Breynii
1788 2033 1867 2090 seu
1898 2036 2245 2094 Poincianam

577 2129 844 2190 Tonrnef.
870 2129 989 2184 Inst.
1077 2125 1230 2180 Licet
1248 2127 1358 2181 vim
1387 2126 1608 2197 aliquam
1636 2123 1867 2195 patiatur
1906 2122 2243 2181 Tournefor-

579 2221 642 2275 tii
679 2216 921 2274 definitio
954 2227 1197 2286 quatenus
1226 2212 1441 2267 stamina
1475 2225 1528 2265 et
1561 2209 1801 2280 calycem
1842 2209 2074 2282 adiungit
2095 2253 2110 2280 ‚
2142 2230 2234 2267 nu*-

580 2305 783 2361 merosa
811 2302 1058 2378 equidem
1083 2300 1134 2352 in
1159 2299 1338 2353 nostra
1370 2297 1510 2353 adest
1535 2296 1814 2351 staminum
1839 2299 2119 2370 congeries
2153 2297 2246 2356 sed

581 2407 688 2447 non
717 2392 822 2445 sunt
843 2392 1053 2444 incuma
1074 2397 1125 2439 et
1148 2385 1315 2441 multo
1339 2384 1585 2440 breuiora
1613 2399 1764 2454 quam
1790 2382 1843 2436 in
1867 2380 2043 2440 Crista
2073 2382 2243 2442 Pauo-

568 2479 663 2534 .nis
697 2475 919 2546 Breynii
957 2511 973 2542 ,
1032 2470 1237 2526 inferius
1274 2488 1478 2544 quoque
1529 2469 1722 2540 calycis
1759 2466 1948 2524 folium
1981 2469 2245 2525 aduncum

587 2563 742 2620 deest.
836 2558 940 2614 His
965 2559 1320 2624 addeaiostrae
1350 2557 1515 2631 petala
1553 2553 1655 2610 effe
1683 2568 1836 2608 acuta
1872 2553 2140 2609 manifeste
2164 2558 2246 2611 ir-

586 2648 847 2719 regularia
874 2659 921 2701 et
950 2647 1136 2699 colore
1164 2644 1374 2710 diuersa,
1395 2643 1622 2717 superius
1647 2643 1780 2695 enim
1810 2641 1974 2694 viride
1997 2643 2237 2699 omnium

587 2735 1058 2805 maximum,cuius
1092 2731 1322 2789 lateralia
1348 2733 1452 2788 duo
1479 2729 1640 2806 paulo
1667 2727 2267 2802 angustiorafinferioraf

2104 2831 2243 2872 veto
