2393 3590
335 1153 441 1213 Fig.
481 1153 568 1204 IV.

657 132 787 200 240
1207 112 1323 173 DE
1413 112 1770 178 TVBVms

653 290 754 329 nor
781 271 987 330 subinde
1013 272 1173 330 fiebat
1204 273 1428 331 eleuatio
1454 289 1620 347 aquae
1644 269 1794 348 supra
1815 272 2301 353 libellam,quoma÷

652 362 727 430 gis
756 361 1128 417 extrahebatur
1164 362 1387 423 tubulus.
1473 363 1560 417 Eo
1596 375 1779 417 autem
1813 364 1866 418 in
1898 364 2013 421 casu
2037 368 2305 425 minorem
2355 421 2360 424 .

651 447 862 519 semper
892 449 1139 506 conulum
1161 444 1300 505 fuiffe
1328 448 1755 515 incumbentem,
1789 449 1844 502 id
1866 465 1999 506 vero
2019 466 2128 510 erat
2154 467 2304 511 extra

650 534 884 590 dubium.

806 624 881 678 X.
970 623 1107 682 Non
1130 623 1298 694 itaque
1325 634 1540 677 naturae
1565 619 1809 690 congruit
1832 635 1919 679 aut
1946 622 2188 681 satisfacit
2209 628 2306 701 hy-

651 707 884 782 pothefis
906 709 956 767 F
957 711 1168 766 abriancz
1193 709 1406 764 rudior:
1454 705 1699 767 Fortasse
1729 706 1913 767 cultior
1939 712 2074 768 faeta
2097 728 2300 770 conue-

650 791 801 850 niet?
835 797 965 852 Bina
997 795 1128 849 mihi
1161 794 1472 849 emendatio
1507 795 1735 851 innotuit
1758 838 1772 864 ,
1802 812 2025 870 vtraque
2054 799 2306 874 dignain-

643 883 802 951 genio
818 878 1140 939 Aud'corum.
1230 881 1342 938 Iac.
1377 879 1655 949 Bernoulli‚
1685 899 1753 938 ex
1775 883 1968 941 diuersa
1992 885 2138 942 fluidi
2154 903 2304 962 pres-

645 968 791 1023 sione
833 969 1039 1024 fontem
1075 969 1286 1040 repetiit
1321 969 1516 1024 horum
1560 967 2059 1038 phaenomenorum
2090 975 2142 1029 in
2190 970 2303 1034 diff.

637 1053 696 1109 de
718 1050 1009 1110 Grauitate
1026 1054 1362 1111 aetherisiam
1381 1051 1466 1113 A.
1501 1049 1615 1111 168
1632 1070 1678 1129 3.
1696 1057 1855 1127 edita,
1872 1077 1930 1131 p.
1950 1072 2091 1134 239.
2114 1059 2307 1118 [Ver-

644 1140 712 1196 ba
739 1141 867 1196 haec
893 1141 1035 1196 sunt:
1091 1182 1122 1209 „
1149 1138 1231 1196 Sit
1264 1139 1399 1195 abed
1433 1141 1604 1196 fistula
1640 1144 1929 1212 cylindrica
1966 1143 2206 1202 immersa
2232 1146 2306 1202 su-

641 1227 917 1298 „perficiei
947 1244 1109 1298 aquae
1136 1226 1419 1297 stagnantis
1448 1226 1526 1292 ed,
1553 1227 1636 1279 cui
1665 1227 1848 1284 insistat
1874 1232 2002 1284 alius
2026 1244 2305 1303 praeterea

641 1314 938 1384 „cylindrus
976 1312 1159 1364 fimilis
1194 1309 1639 1382 atmosphaericus
1674 1309 1800 1387 efigh.
1886 1311 2180 1386 Fingamus
2219 1336 2304 1374 au-

639 1413 787 1470 „tem
813 1399 1078 1467 Vtriusque
1106 1396 1419 1453 diametrum
1442 1400 1492 1453 in
1528 1398 1577 1452 se
1611 1402 1851 1472 recipere
1889 1416 2100 1459 certum
2125 1422 2306 1461 nume-

641 1501 794 1555 „rum
821 1483 1198 1555 particularum
1227 1487 1476 1539 aeriarum
1501 1502 1581 1552 ,ιη
1611 1501 1660 1555 g.
1687 1485 1915 1559 septem,
1949 1490 2016 1543 ita
2034 1502 2091 1543 vt
2104 1487 2303 1563 septem

638 1572 803 1640 „tales
838 1571 1130 1643 particulae
1168 1567 1320 1642 (quas
1354 1570 1642 1642 sphaericas
1674 1589 1812 1628 nunc
1835 1574 1936 1628 effe
1961 1573 2230 1644 suppono)
2251 1577 2302 1628 in

635 1658 932 1726 „directum
967 1657 1169 1729 positae
1213 1658 1514 1713 exhauriant
1541 1659 1909 1730 cylindrorum
1950 1657 2303 1728 latitudinem,

634 1743 1077 1815 „notabimusque
1116 1743 1437 1799 rariffimum
1474 1746 1576 1799 efle
1611 1747 1961 1817 contingen5‚
2012 1744 2050 1799 fi
2103 1744 2306 1818 globuli

636 1832 747 1901 „isti
770 1834 839 1886 ita
864 1831 962 1885 sint
991 1829 1220 1902 dispositi
1238 1874 1252 1900 ‚
1287 1845 1344 1885 vt
1372 1831 1593 1887 extremi
1616 1830 1847 1904 praecise
1873 1830 2059 1886 radant
2085 1830 2195 1888 tubi
2215 1831 2293 1887 la-

639 1931 808 1986 ‚,tera‚
845 1930 997 1989 atque
1022 1934 1212 1971 omnes
1233 1917 1434 1989 septem
1461 1919 1567 1973 fine
1594 1919 1873 1975 obstaculo
1904 1920 1955 1973 in
1983 1919 2086 1974 eius
2112 1919 2299 1974 canita-

641 2018 786 2072 ‚‚tem
811 2004 1156 2058 admittantur
1187 2006 1280 2071 (vti
1299 2005 1362 2058 fit
1390 2005 1442 2058 in
1465 2006 1590 2058 serie
1608 2005 1953 2072 globulorum
1977 2004 2043 2068 il)
2067 2005 2305 2075 plerum-

641 2107 784 2162 ‚,que
810 2091 967 2156 enim,
1004 2092 1120 2142 imo
1152 2088 1357 2158 semper
1390 2091 1664 2158 continget
1687 2131 1702 2157 ,
1736 2102 1794 2142 vt
1808 2087 1995 2144 summi
2018 2088 2291 2159 cylindro-

641 2195 802 2246 ‚‚rum
829 2175 1102 2247 margines
1119 2176 1356 2244 vti-inque
1379 2173 1613 2243 primum
1639 2187 1690 2228 et
1706 2174 1946 2229 oe'tauum
1973 2177 2304 2248 excipientes

642 2262 873 2332 „nonnisi
899 2260 984 2316 sex
1012 2261 1329 2315 intermediis
1351 2259 1621 2313 transitum
1650 2261 1959 2331 praebeant,
2060 2257 2224 2334 Quod
2248 2276 2300 2318 et

639 2349 1073 2421 „intelligendum
1121 2346 1186 2399 de
1221 2347 1402 2418 quauis
1444 2345 1540 2399 alia
1570 2347 1855 2416 affignabili
1890 2346 2015 2403 serie
2044 2348 2293 2422 globulo-

641 2450 791 2501 „rum
823 2475 836 2499 ,
882 2449 1106 2503 quorum
1146 2446 1410 2502 perpetuo
1443 2431 1545 2484 bini
1584 2435 1803 2489 extremi
1843 2435 1895 2488 in
1931 2435 2301 2505 cylindrorum

643 2520 941 2590 „margines
975 2519 1200 2571 incidere
1232 2517 1452 2572 subsumi
1492 2517 1703 2573 debent.
1793 2518 1933 2575 Hinc
1958 2521 2155 2575 etenim
2181 2521 2296 2589 fiet,

641 2617 731 2673 „vt
756 2618 898 2657 totus
925 2603 1016 2657 ille
1036 2603 1377 2673 globulorum
1402 2604 1565 2674 orbis,
1612 2608 1696 2677 qui
1732 2604 2190 2682 circumfhrenticzm
2211 2606 2300 2680 fit-

639 2691 830 2764 „premi
865 2689 1046 2764 org'fi'cii
1067 2687 1279 2762 fistulae
1319 2705 1553 2763 occupat
1589 2730 1605 2762 ,
1656 2709 1778 2747 cum
1809 2703 1916 2748 tota
1961 2692 2299 2767 globulorum

2160 2796 2290 2851 72⁰²·
