2393 3590
452 244 538 310 42
918 223 1036 284 DE
1121 221 1639 285 BILANCIBVS.

609 399 697 458 19.
787 384 872 442 Vt
905 383 1077 454 itaque
1111 383 1395 456 proportio
1434 379 1810 454 contrapondii
1848 380 1914 435 ad
1948 379 2121 455 lingu-

453 473 560 528 lam
586 474 763 528 exac'te
788 471 994 539 haberi,
1023 484 1074 525 et
1101 483 1249 525 curta
1273 469 1552 542 longitudo
1581 469 1770 525 brachii
1795 468 2015 522 minoris
2042 486 2118 523 es-

453 558 503 613 se
529 559 703 631 possit,
730 559 1026 629 sequentem
1053 557 1349 626 excogitaui
1374 557 1688 611 methodum
1723 575 1734 610 ε
1769 555 1830 611 In
1852 554 1989 627 scapi
2010 572 2117 610 me·-

455 647 546 701 dio
572 646 628 701 sit
654 644 1097 718 contrapondium
1120 643 1413 700 admodum
1433 654 1633 698 curtum
1660 659 1713 710 a,
1755 659 1825 696 ex
1846 643 1990 696 cuius
2018 658 2113 696 ex-

453 747 629 789 tremo
654 734 946 807 dependeat
977 730 1427 801 contrapondium
1454 729 1677 797 lingulae
1702 727 1877 783 adhuc
1896 727 2036 782 aliud
2065 727 2118 796 k,

450 820 739 877 rotundum
764 818 841 875 seu
870 817 1269 889 cylindriforme
1303 815 1367 868 ad
1395 815 1633 867 dextram
1665 826 1716 867 et
1751 814 2001 869 finistram
2037 809 2115 867 fa-

455 908 554 961 cile
577 921 631 961 et
654 906 825 960 libere
845 904 1047 958 mobile
1067 916 1179 972 ope
1204 897 1436 967 articuli,
1483 898 1688 952 clauulo
1724 899 2122 970 quadrangulari

451 991 918 1057 instructum‚cuius
943 986 1127 1041 infima
1152 986 1289 1040 acies
1313 986 1365 1039 in
1391 985 1601 1039 crenula
1625 985 1893 1041 foraminis
1920 984 2126 1056 spatiosi

453 1092 506 1133 et
522 1075 742 1133 rotundi
755 1075 1044 1143 haereat‚in
1060 1071 1307 1141 cylindro
1333 1086 1470 1124 vero
1485 1070 1624 1124 fixus
1644 1071 1704 1126 fit
1719 1070 2118 1141 clauulus5quod

450 1164 668 1238 quidem
686 1159 1136 1234 contrapondium
1152 1169 1374 1231 propter
1398 1154 1535 1211 suam
1548 1156 1812 1212 leuitatem
1828 1157 1898 1212 lin
1906 1156 2084 1231 gulam
2098 1156 2124 1214 l

454 1251 757 1307 inclinatam
784 1250 981 1318 erigere
995 1261 1103 1301 non
1118 1244 1299 1320 valeat
1317 1279 1330 1309 ‚
1356 1240 1513 1296 incisa
1531 1254 1708 1297 tamen
1733 1244 1806 1297 illi
1825 1243 1882 1298 fit
1897 1244 2117 1301 cochlea

452 1355 569 1394 mas
587 1381 602 1408 ‚
635 1339 715 1392 cui
741 1336 1038 1408 applicetur
1071 1330 1294 1386 cochlea
1317 1328 1548 1384 foemina
1568 1344 1645 1395 ην,
1672 1323 1879 1383 formae
1907 1330 2121 1387 orbicu-

448 1427 574 1482 laris
603 1462 617 1493 ,
652 1437 825 1479 tantae
853 1420 1114 1496 grauitatis
1150 1461 1164 1487 ,
1204 1428 1396 1490 quanta
1427 1415 1679 1469 erectioni
1717 1412 1942 1488 lingulae
1972 1416 2112 1472 suffi-

452 1514 593 1568 ciens
619 1512 879 1567 iudicatur.
965 1507 1119 1567 Haec
1147 1519 1263 1561 tam
1288 1503 1370 1558 diu
1393 1502 1639 1576 grauitate
1662 1500 1914 1572 superflua
1938 1503 2116 1572 priue-

454 1614 563 1669 tur,
599 1599 774 1654 donec
798 1595 992 1667 lingula
1015 1608 1114 1649 eta
1146 1590 1410 1648 leuiffimo
1461 1587 1810 1660 pondiusculo
1839 1587 1974 1643 lanei
2004 1589 2108 1644 im-

448 1687 628 1759 pofito
655 1684 1011 1740 differentiam
1038 1681 1263 1750 indicet,
1296 1691 1351 1733 et
1374 1689 1553 1734 tamen
1572 1674 1759 1731 demto
1785 1674 2117 1747 pondiuscu-

450 1775 509 1829 lo
536 1774 789 1847 lingulam
808 1773 998 1826 iterum
1023 1770 1204 1840 erigat.

591 1875 695 1918 20.
784 1857 937 1912 Dico
957 1858 1121 1929 itaque
1140 1856 1246 1911 hoc
1283 1852 1458 1910 modo
1488 1849 1635 1908 facile
1673 1850 1938 1907 remoueri
1969 1841 2114 1904 con-³

451 1947 824 2020 trapondium‚
855 1945 1082 2014 linguam
1133 1943 1414 2009 inclinari,
1464 1953 1519 1995 et
1548 1936 1775 1992 onusculi
1802 1938 2114 2011 grauitatem

453 2034 892 2105 praeponderare
932 2029 1082 2099 poffe
1107 2072 1122 2096 ‚
1176 2031 1289 2100 quia
1323 2028 1490 2080 breue
1528 2024 1814 2080 brachium
1841 2041 1874 2080 a
1903 2023 2116 2096 vigesies

457 2120 762 2173 continetur
798 2117 850 2168 in
872 2114 1096 2167 brachio
1123 2111 1155 2165 h
1181 2114 1439 2167 alterutro
1464 2110 1623 2180 scapi,
1659 2124 1712 2163 et
1737 2127 1858 2163 cum
1884 2126 1951 2164 eo
1985 2126 2115 2165 con-

456 2206 614 2260 stituit
640 2203 844 2256 vec‘tem
867 2211 1233 2263 recuruatum,
1272 2197 1411 2249 cuius
1435 2195 1881 2268 hypomochlium
1903 2196 1977 2251 est
2003 2197 2115 2251 axi-

456 2292 599 2347 culus
637 2325 651 2357 ‚
687 2290 766 2343 vis
801 2303 1021 2342 mouens
1055 2286 1129 2338 est
1157 2281 1451 2353 aggrauatio
1475 2283 1637 2337 lancis
1679 2324 1694 2351 ‚
1736 2298 1872 2336 onus
1891 2300 2117 2338 mouen-

457 2380 583 2433 dum
618 2374 1076 2445 contrapondium
1109 2371 1141 2425 k
1173 2371 1437 2444 lingulae,
1476 2383 1534 2422 et
1568 2369 1685 2440 quia
1711 2367 1820 2423 hoc
1849 2385 1983 2423 onus
2006 2382 2119 2424 tan-

456 2480 574 2520 tum
615 2464 681 2517 ad
714 2463 844 2515 latus
881 2461 955 2515 est
986 2458 1309 2514 mouendum
1332 2499 1348 2525 ‚
1396 2452 1586 2510 facilius
1622 2455 1729 2509 hoc
1766 2455 1882 2509 fieri
1909 2456 2109 2527 potest,

452 2567 613 2623 quam
642 2549 680 2603 fi
705 2548 821 2603 situs
846 2548 950 2601 eius
973 2543 1414 2617 perpendicularis
1443 2543 1495 2595 in
1524 2542 1672 2597 situm
1708 2541 1997 2611 obliquum
2024 2556 2105 2593 es-

451 2639 524 2693 set
547 2633 1045 2701 conuertendusstui
1062 2632 1237 2704 impar
1261 2626 1459 2685 effevel
1480 2628 1772 2684 minimum
1796 2625 2111 2683 onusculum

454 2725 604 2781 facile
629 2719 928 2796 percipitur.

1976 2887 2110 2962 Reg.
