2393 3590
579 165 700 235 374
1199 149 1311 216 DE
1353 148 1589 214 PENE.

572 332 638 367 na
663 307 869 382 adiposa
894 304 1118 363 minime
1142 308 1478 364 desideratur.
1566 308 1702 363 Eum
1727 305 1920 361 veroin
1934 301 2097 365 finem
2109 302 2227 364 for}

573 414 626 454 te
657 400 774 452 data
800 397 886 464 est,
921 410 978 449 vt
1007 412 1109 449 nou
1139 394 1302 449 solum
1329 392 1609 446 crassitiem
1636 390 1864 444 membri
1887 409 2088 464 augeat,
2143 412 2232 450 ve-

578 504 698 541 rum
727 487 897 550 etiam,
923 495 981 535 vt
1006 495 1195 534 contra
1224 479 1334 532 vim
1363 477 1601 549 frigoris,
1619 491 1770 546 quam
1797 477 2038 544 perferre
2059 483 2229 537 minus

578 574 751 637 valet,
787 568 907 621 illud
930 580 1098 620 tutum
1129 564 1422 635 furtumque
1457 561 1768 630 conseruet,
1805 560 2051 636 simulque
2088 567 2235 623 sicci-

573 671 743 711 tatem
772 668 1066 724 corporum
1098 666 1288 705 nerueo
1310 647 1719 724 spongiosorum
1745 661 1941 707 arceat.

661 741 962 797 Tumorem
984 751 1033 792 et
1057 736 1334 792 craffitiem
1352 732 1503 791 Penis
1518 737 1812 792 maximam
1835 733 2043 794 efficere
2055 735 2236 794 viden-

582 824 868 884 turmaffae
883 842 1104 879 carneae
1129 824 1487 898 praegrandes
1513 866 1526 891 ‚
1580 841 1714 896 quae
1728 841 1881 897 quum
1893 826 1944 878 in
1960 837 2113 897 parte
2126 838 2237 880 tam

585 914 852 986 superiore
867 930 1021 984 quam
1037 910 1213 966 auersa
1236 955 1250 980 ,
1284 926 1515 985 propter
1538 913 1742 966 molem
1769 928 1951 966 earum
1975 912 2239 984 insignem

583 1000 743 1056 valde
795 999 1118 1072 conspicuae
1174 1004 1284 1052 lunt
1325 1032 1339 1064 ‚
1400 998 1602 1051 filentio
1626 1000 1799 1054 minus
1825 1000 2240 1070 praetermitten-

312 1117 418 1176 fig.
440 1118 480 1171 Ι.
586 1088 684 1144 dae
736 1086 858 1142 sunt.
950 1086 1014 1140 In
1074 1085 1170 1139 hac
1222 1096 1391 1137 autem
1425 1084 1590 1155 figura
1623 1127 1637 1153 ,
1697 1102 1828 1156 quae
1886 1084 2092 1140 dorsum
2149 1101 2240 1157 pe·

586 1177 661 1230 nis
684 1171 1072 1244 repraesentat,
1143 1168 1241 1224 soli
1262 1168 1485 1224 musculi
1520 1171 1812 1225 attollentes
1856 1169 1942 1226 seu
1976 1173 2247 1226 ereetores

583 1253 783 1316 lit.CC.
801 1271 848 1312 et
863 1257 1224 1312 transuersales
1246 1253 1453 1309 lit.DD.
1476 1271 1598 1309 cum
1623 1258 1879 1325 portione
1902 1258 2117 1312 musculi
2129 1257 2244 1313 bul-

585 1348 714 1402 bum
772 1345 1015 1399 vrethrae
1073 1340 1471 1410 comprimentis
1528 1339 1629 1400 litt.
1688 1341 1755 1400 E.
1823 1342 2071 1398 delineari
2121 1343 2249 1400 sunt.

583 1428 1038 1488 Transuersalium
1065 1427 1240 1480 nonis
1265 1439 1374 1480 erat
1397 1426 1523 1481 situs
1547 1440 1598 1481 et
1625 1428 1839 1483 incessus
1878 1465 1894 1494 ‚
1933 1429 2102 1500 qualis
2126 1431 2241 1484 vul-

318 1513 496 1571 musculi
584 1534 656 1587 go
681 1515 897 1571 traditur
921 1531 933 1566 :
966 1512 1117 1570 Nam
1142 1512 1207 1567 ad
1236 1514 1380 1584 penis
1407 1513 1541 1568 latus
1567 1530 1688 1568 cum
1717 1514 2110 1581 dextrum,tum
2131 1514 2245 1569 fini-

318 1593 533 1690 {JJJJ'JW'
586 1606 739 1659 strum
789 1600 1025 1673 adeoque
1063 1603 1190 1655 inter
1214 1598 1502 1655 musculum
1539 1600 1690 1656 bulbi
1715 1601 2170 1671 comprimentem
2195 1611 2249 1656 et

305 1676 372 1706 w
582 1690 908 1745 attollentem
935 1687 1014 1743 seu
1037 1689 1362 1753 Emetorem,
1401 1686 1562 1741 instar
1582 1688 1803 1742 duarum
1831 1700 2078 1740 manuum
2101 1701 2253 1759 aper..

580 1789 750 1833 tarum
781 1789 864 1831 aut
888 1775 1091 1831 alarum
1115 1775 1337 1846 oblique
1361 1774 1697 1840 collocati‚et
1718 1783 1878 1845 prout
1907 1771 2142 1827 distincte
2165 1774 2244 1829 vi-

587 1865 660 1932 di,
694 1865 798 1918 sine
831 1863 1084 1932 termine,
1124 1862 1236 1918 fere
1275 1860 1404 1916 asuo
1429 1861 1725 1934 priucipiO,
1767 1857 2087 1930 corporibus
2119 1876 2242 1914 ner-

586 1952 689 2005 ueis
713 1963 830 2003 toto
865 1949 954 2003 suo
982 1949 1253 2019 progressu
1277 1946 1973 2019 implantatierant,reliquo
2005 1943 2097 1998 suo
2123 1961 2247 2001 cor-

590 2052 728 2108 pore
755 2077 769 2103 ,
800 2036 943 2106 quod
967 2035 1175 2104 planum
1205 2050 1267 2088 ac
1295 2034 1523 2088 liberum
1551 2033 1836 2103 erat‚instar
1867 2033 1977 2084 alae
2002 2029 2251 2102 expanso„

595 2122 657 2179 In
677 2123 862 2178 medio
887 2135 1074 2175 eorum
1097 2119 1260 2178 sedet,

748 2206 961 2280 Corpus
983 2205 1715 2277 globosum‚durum‚pomum
1729 2202 1889 2258 maius
1909 2220 2146 2276 aequam,
2162 2213 2256 2260 vn³

596 2297 798 2367 ciasque
824 2310 1018 2348 nouem
1049 2293 1375 2365 ponderans,
1416 2289 1686 2363 quodfiue
1710 2291 1859 2360 situ5‚
1893 2290 1992 2345 fiue
2021 2293 2254 2361 numeri,
2295 2308 2299 2312 ·

596 2385 702 2438 siue
738 2380 1252 2447 inuolucroriim,fiue
1284 2379 1494 2432 tandem
1528 2375 1838 2431 substantiae
1883 2379 2111 2446 ratione,
2145 2395 2256 2450 pro

600 2486 729 2523 vera
766 2464 1007 2519 Prostata
1047 2465 1231 2520 haberi
1260 2465 1432 2535 potest
1470 2464 1571 2517 litt.
1616 2460 1679 2522 F.
1766 2462 1948 2521 Bulbo
2012 2466 2156 2518 enim
2190 2481 2250 2518 v-

601 2555 818 2610 rethrae,
846 2551 1178 2623 contiguum,
1198 2549 1462 2622 pauloque
1495 2550 1641 2604 altius
1668 2551 1815 2617 supra
1842 2566 1961 2602 eum
1986 2561 2040 2602 et
2061 2548 2260 2607 muscu-

604 2641 712 2694 lum
746 2636 985 2692 vrethrae
1020 2637 1465 2708 comprimentem
1500 2636 1654 2690 situm
1694 2636 1765 2689 est
1801 2677 1814 2703 ‚
1860 2633 1955 2688 vbi
1993 2635 2258 2706 prostatae

605 2726 746 2782 sedes
772 2724 1023 2781 ordinaria
1043 2724 1318 2785 inuenitur,
1405 2722 1618 2780 Deinde
1641 2721 1765 2777 illud
1800 2720 2065 2779 Prostatae
2100 2722 2256 2778 etiam

2140 2805 2260 2865 satis

305 376 491 423 Vtilitas

304 443 518 503 pinguedi-

308 513 382 562 nis,

324 2261 536 2318 Proflam.
