2393 3590
715 205 831 264 DE
915 207 1439 269 BILANCIBVS.
1837 213 1913 274 61

255 365 400 422 cuius
430 365 591 421 latera
628 364 786 436 plana
822 365 1042 419 anterius
1074 380 1104 419 a
1139 378 1186 419 et
1217 365 1466 437 posterius
1494 365 1525 420 b
1562 367 1795 423 formam
1826 368 1915 424 ha·-

254 454 411 507 beant
446 453 496 506 in
534 452 635 524 fig,
671 451 748 510 D.
791 450 1104 524 expressam.
1193 449 1423 506 Inferior
1453 469 1573 525 pars
1600 453 1822 510 laterum
1864 457 1918 510 in

250 542 674 594 extremitatibus
698 538 895 592 duabus
920 536 1158 593 cochleis
1189 555 1238 593 cc
1266 541 1567 595 transuersis
1599 545 1918 598 connectan-

249 640 363 693 tur,
410 628 661 681 cochleae
684 637 857 680 autem
884 624 1195 697 cylindrulis
1220 628 1363 680 cauis
1378 643 1449 698 33²
1483 663 1500 696 ‚
1546 640 1596 681 et
1621 628 1919 684 mobilibus

254 712 391 767 intra
425 712 740 786 ephippium
775 713 1077 780 induantur,
1109 726 1171 767 vt
1195 713 1248 766 in
1285 729 1418 767 cauo
1446 712 1693 787 ephippii
1727 715 1914 787 scapus

250 798 406 871 super
431 816 524 854 eos
551 798 844 853 commode
869 816 1038 869 porro
1062 812 1115 852 et
1142 814 1293 853 retro
1318 803 1517 856 verlari
1541 801 1710 873 poffit.
1798 801 1920 858 De·-

250 887 480 957 pendeat
500 902 629 941 vero
679 886 903 939 anterius
942 884 1072 939 latus
1105 886 1157 938 in
1184 885 1356 940 forma
1390 889 1640 960 trianguli
1681 891 1724 963 ᾗ
1761 891 1917 962 digsti

252 969 384 1028 infra
413 972 628 1043 scapum
659 969 909 1023 deorsum
946 970 992 1023 k.
1060 966 1189 1024 ‘Per
1210 985 1493 1045 Vtrumque
1506 974 1637 1028 latus
1676 976 1918 1047 ephippii

251 1058 347 1113 fiat
362 1052 654 1127 foramen-f
659 1057 713 1108 in
735 1055 1023 1125 posteriori
1048 1054 1214 1107 latere
1235 1070 1481 1123 apertum
1508 1060 1720 1115 inferius
1736 1105 1749 1129 ‚
1766 1062 1814 1115 in
1830 1081 1917 1119 an-

249 1145 439 1200 teriori
462 1145 512 1199 in
538 1142 786 1215 angulum
813 1156 1066 1210 perquam
1092 1156 1296 1194 acutum
1325 1141 1582 1211 desinens,
1615 1145 1832 1216 superna
1861 1151 1914 1205 in

250 1244 396 1303 parte
429 1231 493 1286 fit
525 1244 820 1299 Vtrumque
857 1225 1285 1293 semic{rci11are‚
1331 1225 1381 1280 in
1417 1244 1645 1298 quorum
1672 1233 1915 1304 apicibus

252 1317 513 1374 incidatur
538 1315 759 1382 cremia,
795 1312 1194 1384 hypomochlio
1227 1314 1418 1381 dicata,
1457 1318 1921 1387 perpendiculari-

255 1418 331 1458 ter
361 1400 514 1476 supra
552 1401 799 1474 angulum
834 1397 1131 1453 inferiorem
1173 1414 1379 1454 acutum
1412 1442 1426 1469 ,
1473 1419 1540 1456 ex
1582 1420 1687 1475 quo
1720 1409 1916 1477 angulo

251 1488 660 1560 suspendendum
693 1487 795 1537 erit
825 1484 973 1538 filum
1011 1485 1134 1539 illud
1174 1485 1539 1543 orichalceum
1585 1491 1915 1561 pondusculo

239 1593 278 1647 g
311 1586 590 1627 oneratum
619 1609 634 1638 ‚
699 1571 840 1642 quod
868 1569 1031 1645 scapo
1058 1575 1177 1645 post
1213 1572 1564 1631 librationem
1586 1577 1735 1634 fitum
1762 1578 1914 1636 hori-

249 1660 512 1716 zontalem
533 1659 772 1715 restituit.

397 1761 447 1820 ς,
536 1743 636 1802 Ad
661 1760 896 1802 extrema
919 1745 1059 1821 scapi
1089 1749 1421 1822 applicentur
1447 1752 1652 1808 rotulae
1681 1755 1916 1813 cochleis

243 1836 532 1890 foemineis
567 1834 778 1906 patulae
803 1851 872 1888 zz
918 1853 988 1889 ex
1021 1853 1123 1889 vna
1160 1850 1362 1893 tantum
1397 1854 1551 1910 parte
1579 1882 1592 1907 ‚
1653 1858 1717 1893 ex
1748 1843 1915 1897 altera

244 1920 464 1990 clausae,
490 1935 548 1976 vt
571 1923 821 1976 extremis
859 1919 998 1995 scapi
1037 1922 1259 1978 firmiter
1280 1925 1753 1997 applicaripoffint
1791 1964 1805 1995 ,
1842 1945 1913 1985 ex

243 2007 405 2064 clausa
430 2021 579 2081 parte
602 2008 892 2063 rotularum
914 2009 1182 2082 prodeant
1206 2009 1447 2065 lamellae
1469 2027 1524 2064 00
1548 2015 1906 2083 perpendicu-

240 2096 420 2153 lariter
445 2095 643 2167 positae
669 2108 722 2149 et
750 2107 943 2164 tenue5‚
974 2093 1390 2152 horizontalibus
1420 2099 1637 2153 crenulis
1662 2099 1909 2172 donatae,

241 2184 431 2253 longae
457 2182 552 2236 fint
581 2182 735 2237 2.lin.
767 2180 902 2251 latae
935 2186 1013 2250 1³2—
1037 2182 1123 2241 lin.
1156 2182 1345 2238 crassae
1370 2187 1412 2262 {—
1436 2184 1524 2239 lin.
1610 2185 1822 2243 Rotulis
1849 2190 1910 2244 il-

238 2270 299 2324 lis
325 2286 483 2323 crena
523 2267 789 2324 circularis
828 2282 988 2324 torno
1018 2268 1176 2323 incisa
1197 2270 1259 2324 sit
1279 2288 1346 2325 ex
1370 2289 1473 2344 qua
1498 2272 1730 2327 lancium
1760 2274 1911 2331 funes

242 2356 434 2410 annulo
469 2355 649 2410 latiori
690 2373 768 2411 xx
808 2357 999 2412 annexi
1027 2356 1387 2428 dependeant,
1426 2360 1623 2413 eodem
1649 2362 1820 2415 modo
1850 2375 1909 2418 vt

238 2443 290 2496 in
332 2442 670 2514 praecedenti
710 2441 932 2497 bilancis
979 2442 1348 2516 descriptione
1392 2443 1527 2519 Cap.
1564 2444 1633 2502 ΙΙ.
1667 2442 1719 2516 ᾗ.
1762 2461 1820 2527 4.
1851 2463 1905 2505 et

241 2524 379 2600 Cap.
412 2528 450 2583 I.
490 2532 540 2606 ᾗ.
577 2543 664 2585 12.
687 2529 996 2590 indicatum.

374 2612 430 2670 6.
517 2610 613 2669 Ad
645 2615 901 2689 reliquam
935 2629 1149 2684 partem
1195 2618 1532 2675 cochlearum
1578 2618 1802 2674 marium
1838 2620 1906 2676 bb

238 2703 501 2773 ‘Vtriusque
532 2706 890 2760 extremitatis
924 2703 1063 2777 scapi
1094 2707 1421 2777 applicentur
1447 2707 1602 2760 binae
1648 2706 1902 2763 cochleae

235 2788 500 2846 foeminae
520 2822 538 2860 ‚
573 2805 672 2846 vna
699 2792 756 2846 in
776 2788 954 2849 forma
981 2792 1186 2849 rotulae
1213 2808 1240 2857 y
1267 2793 1428 2851 altera
1446 2811 1476 2850 u
1501 2793 1557 2849 in
1582 2793 1766 2850 eadem
1789 2793 1893 2850 for-

1091 2874 1171 2935 ,Η
1213 2892 1244 2952 3
1812 2896 1902 2936 ma
