2393 3590
697 176 815 237 DE
899 174 1394 238 chMERns.
1823 144 1936 267 3¹33

282 343 398 398 suae
420 331 728 393 hominibus
751 345 868 388 ante
889 335 940 388 se
960 333 1101 406 gest-a
1132 335 1364 408 accepit,
1410 336 1459 391 in
1496 333 1683 406 quibus
1718 340 1942 399 minime

280 431 351 483 est
377 418 851 498 reprehendendus.
939 418 1025 475 At
1063 420 1154 474 vbi
1188 423 1405 494 explere
1440 435 1682 480 veterem
1718 444 1931 482 memo-

278 516 409 568 riam
435 530 464 565 e
486 507 703 564 vetustis
722 503 863 558 libris
884 545 897 571 ‚
931 521 1064 577 quos
1100 506 1337 564 triduana
1370 509 1571 565 lemane
1593 514 1862 569 euoluerat
1891 524 1939 569 et
1986 587 1989 592 λ

221 586 226 590 ’
277 597 513 653 nonnulla
542 610 606 648 ex
627 590 832 664 historiis
844 585 1060 647 Graccis
1077 602 1237 668 atque
1254 594 1470 652 Latinis
1487 601 1826 656 conuenientia
1852 602 1942 656 ad-

282 686 404 739 dere
424 694 635 736 conatus
650 677 735 744 est,
748 677 797 730 iu
810 675 887 732 his
900 679 965 734 illi
984 696 1346 753 praepropera
1359 684 1485 740 haec
1500 685 1640 741 male
1660 686 1935 759 cederunt,

285 785 339 825 vt
368 771 409 823 ei
435 769 561 823 fides
594 763 673 817 stu
708 763 863 832 nulla,
913 763 996 820 seu
1039 767 1333 825 admodum
1368 771 1749 846 circumspecte
1801 776 1943 831 adhi-

286 856 449 910 benda
461 854 529 908 fit.
540 847 702 926 Quod
718 863 891 905 autem
908 866 1060 924 caput
1070 854 1145 909 rei
1161 855 1404 926 est‚vsum
1423 878 1538 918 eum
1552 864 1650 919 effe
1668 859 1940 919 Strabone

283 943 513 1013 reperiO,
558 953 586 990 e
611 950 719 1006 quo
740 935 1012 991 Posidonii
1039 940 1134 993 illa
1158 941 1416 999 insomnia
1439 949 1613 1005 hausit.
1712 949 1884 1019 Igitur
1906 968 1938 1006 e

280 1025 537 1084 Posidonii
581 1021 878 1078 coniectura
916 1023 1056 1075 tenui
1090 1024 1402 1098 scaturigine
1446 1037 1673 1091 manauit
1712 1036 1892 1108 opinio
1922 1078 1939 1107 ,

278 1131 405 1187 quae
425 1109 592 1165 latiori
617 1109 766 1163 alueo
792 1125 820 1162 a
847 1107 1122 1163 Iornandis
1156 1111 1465 1172 credulitate
1491 1122 1753 1190 profluxit
1780 1159 1796 1191 ‚
1828 1123 1927 1179 do..

278 1216 376 1254 nec
404 1215 430 1252 a
461 1194 812 1263 Stirnhielmo,
834 1193 1062 1251 Verelio
1081 1232 1096 1264 ‚
1133 1190 1455 1269 Rudbequio
1490 1207 1778 1277 aggeribus
1813 1228 1935 1280 per-

277 1283 412 1339 foffis
433 1282 679 1338 omnibus
710 1317 724 1348 ,
761 1279 957 1335 orbem
984 1298 1162 1355 prope
1184 1285 1474 1342 Vniuersum
1502 1290 1936 1369 inundauit.Quot

282 1372 425 1426 enim
476 1382 652 1441 gentes
713 1383 901 1422 eorum
940 1369 1202 1439 opimone
1256 1387 1322 1426 ex
1367 1370 1541 1430 Suetia
1588 1393 1697 1432 non
1732 1377 1841 1433 sunt
1878 1398 1931 1435 e-

281 1454 475 1529 greffae
498 1449 519 1506 ,ἲ
543 1454 662 1511 Viri
687 1452 765 1505 illi
787 1451 997 1506 fuerunt
1030 1452 1236 1510 summo
1264 1458 1476 1529 ingenio
1499 1474 1551 1518 et
1571 1464 1818 1537 exquisita
1846 1467 1934 1522 ad-

279 1537 591 1608 mirabilique
611 1536 872 1604 doc'trina‚
919 1534 1005 1592 sed
1032 1541 1085 1594 in
1114 1541 1302 1613 quibus
1336 1560 1420 1603 aut
1443 1553 1644 1622 patriae
1668 1567 1826 1608 amor
1846 1556 1923 1610 in-

282 1623 535 1682 credibilis
557 1623 829 1676 veritatem
856 1620 1143 1683 obfuscauit
1169 1671 1182 1698 ,
1219 1645 1306 1686 aut
1327 1636 1416 1704 qui
1442 1639 1534 1691 vix
1554 1639 1842 1710 quidquam
1866 1644 1935 1697 de

275 1714 348 1768 his
374 1728 439 1766 ex
471 1708 621 1764 animi
646 1708 890 1765 sententia
929 1711 1193 1770 dixerunt.
1290 1717 1383 1774 De
1419 1722 1697 1779 Iornandis
1731 1730 1930 1783 errori-

278 1800 372 1854 bus
399 1797 498 1852 alio
523 1808 767 1867 tempore
801 1801 1094 1855 accuratius
1121 1801 1520 1875 disputabimus,
1609 1812 1810 1870 Virum
1829 1813 1928 1868 bo-

276 1902 394 1941 num
422 1884 541 1938 dico
563 1926 577 1952 ,
616 1900 684 1937 ne
721 1886 832 1956 quis
866 1901 955 1939 me
982 1889 1341 1959 reprehendat
1369 1930 1385 1961 ‚
1421 1893 1510 1950 sed
1543 1898 1845 1969 mehercle,
1870 1901 1925 1955 in

274 1969 472 2026 vetustis
493 1969 821 2042 temporibus
844 1987 952 2026 non
979 1974 1228 2030 idoneum
1257 1981 1553 2044 auctorem,
1646 1979 1920 2043 Paruonaa

274 2057 406 2128 uigio
433 2059 660 2117 euectum
686 2058 869 2118 fluetus
893 2059 1187 2120 obruerunt
1212 2062 1267 2119 in
1305 2066 1495 2126 littore.

274 2759 417 2822 Tom.
433 2764 497 2824 11.
1091 2783 1119 2843 1
1133 2784 1148 2843 i
1174 2781 1192 2840 i
1756 2784 1908 2852 NV·
