2393 3590
488 164 613 229 mo
1101 151 1220 217 DE
1265 147 1522 216 MOTV

479 338 594 380 ;-;0.
641 319 798 376 habet
830 314 961 373 hacc
990 331 1150 370 curua
1183 314 1372 370 multas
1411 309 1766 384 proprietates
1789 351 1803 378 ,
1845 324 2064 382 quarum
2089 327 2161 370 (ι’

479 409 890 472 numeratione,
928 420 997 458 ne
1053 403 1209 456 nimis
1233 402 1327 456 fim
1376 401 1562 471 longus
1595 439 1609 466 ‚
1663 394 2015 471 supersede03
2059 397 2149 455 sed

477 498 621 568 quod
644 495 861 550 minime
888 488 1175 545 tacendum
1204 501 1344 560 puto
1373 522 1388 554 ‚
1423 484 1660 556 est‚qu'od
1698 483 1863 552 figura
1884 482 2014 538 haec
2039 501 2145 557 pro

479 581 599 636 vase
647 578 932 653 aequabilis
990 575 1215 630 effluxus
1243 573 1434 629 eadem
1501 571 1601 638 est,
1671 585 1804 639 quae
1831 566 2147 641 Anglorum
2188 622 2192 626 .

479 668 741 723 catal-asta
795 707 809 735 ‚
890 681 993 735 qua
1069 662 1436 732 phaenomena
1508 669 1761 724 aquarum
1821 651 2147 713 effluenti-um

480 756 754 827 explicare
806 748 1214 805 contenderunt.
1320 741 1611 798 Caeterum
1654 752 1760 810 pro
1796 737 1993 794 maiori
2019 756 2150 796 con.

480 841 799 898 firmatione
823 835 1064 891 theoriae
1086 830 1296 884 nostrae
1327 861 1341 893 ,
1392 826 1569 879 dicam
1604 824 1769 878 etiam
1811 823 2055 883 breuibus
2082 829 2150 884 de

480 928 613 982 vatis
641 923 943 993 cylindricis
966 959 981 986 ‚
1019 916 1203 989 quibus
1233 913 1346 968 tubi
1388 912 1468 967 alii
1503 909 1793 982 cylindrici
1825 913 2153 983 angustiores

483 1011 675 1068 annexi
696 1007 829 1071 sunt,
869 1005 975 1060 siue
996 1001 1309 1056 verticaliter
1327 999 1476 1071 positi
1503 996 1749 1070 (quorum
1776 996 2149 1068 phaenomena

475 1114 646 1169 nuper
672 1092 889 1167 publice
920 1086 1161 1159 exposuit
1197 1083 1318 1142 Cel.
1358 1081 1741 1156 Bulffingerus)
1769 1082 1868 1136 fiue
1900 1077 2177 1141 horizon-⁴

479 1186 676 1240 taliter:
715 1180 815 1235 fiue
841 1175 1087 1253 abrupti?
1131 1172 1235 1226 siue
1270 1169 1535 1226 indefinite
1560 1170 1743 1240 longi,
1787 1185 2014 1239 quorum
2037 1189 2145 1244 po-

481 1271 768 1327 steriorum
805 1260 1287 1317 considerationem
1326 1260 1378 1309 in
1416 1272 1533 1308 rem
1557 1254 1985 1326 physiologicam
2008 1254 2151 1310 haud

481 1373 665 1432 parum
690 1350 882 1418 facere,
906 1349 1003 1402 alia
1030 1343 1305 1398 occasione
1326 1339 1618 1395 ostendam.
1646 1335 1651 1340 ’

619 1437 762 1511 Prop.
801 1449 861 1512 4,
897 1429 1063 1489 Prohl,
1150 1425 1321 1498 Aqua
1395 1439 1639 1482 currente
1693 1444 1789 1497 per
1844 1427 2151 1499 cylindrum

481 1517 707 1584 ACDB
750 1521 868 1596 (fig.
904 1517 986 1597 4.)
1018 1515 1105 1571 cui
1140 1515 1298 1568 tubus
1335 1513 1651 1584 cylindricus
1673 1510 1773 1570 EF
1799 1514 2021 1582 infixu5‚
2058 1515 2151 1568 de·

483 1616 768 1670 terminare
794 1609 985 1680 vbique
1006 1604 1381 1670 velocitatem,
1416 1617 1515 1674 qua
1535 1597 1830 1672 superficies
1855 1616 2020 1672 aquae
2032 1595 2149 1656 GH

488 1699 779 1756 descendit.

640 1782 748 1845 Sol.
835 1779 1014 1840 Potest
1039 1779 1128 1836 hic
1158 1779 1297 1835 casus
1323 1791 1573 1851 tanquam
1611 1774 1950 1832 corollarium
1975 1774 2146 1831 confi·
2180 1827 2184 1830 ,

483 1873 651 1931 derari
686 1871 1075 1944 propositionis
1112 1868 1302 1921 tertiae
1328 1909 1342 1934 ‚
1383 1880 1532 1938 atque
1558 1867 1629 1918 ita
1661 1864 2009 1918 determinari
2031 1862 2146 1917 vbi—

485 1980 586 2035 que
612 1960 874 2015 velocitas
899 1954 1198 2028 superficiei
1223 1970 1442 2026 aqueae,
1483 1953 1654 2006 donec
1678 1964 1794 2006 tota
1821 1949 2082 2006 effluxerit
2103 1965 2154 2002 a·

488 2066 586 2121 qua
622 2063 691 2100 ex
726 2043 844 2099 vase
881 2036 1161 2108 ACDB·‚
1200 2054 1381 2093 motus
1408 2052 1584 2092 autem
1609 2039 1831 2107 reliquus
1844 2055 1941 2107 per
1964 2034 2151 2090 tubum

487 2128 590 2193 EF
622 2149 715 2204 per
737 2131 787 2184 se
807 2129 959 2184 facile
986 2126 1372 2180 determinatur
1400 2163 1416 2189 ‚
1448 2123 1571 2192 quia
1592 2121 1656 2174 fit
1692 2123 1836 2176 iuxta
1860 2121 2005 2194 leges
2034 2136 2157 2173 mo-

488 2234 638 2276 tuum
664 2230 960 2289 corporum
983 2209 1315 2268 vnitormiter
1342 2208 1782 2261 acceleratorum.
1808 2203 1972 2278 Quod
2011 2208 2048 2262 fi
2065 2208 2155 2260 ita-

491 2322 590 2378 que
625 2321 717 2359 vas
754 2301 820 2356 ab
846 2302 990 2355 initio
1025 2295 1290 2367 repletum
1328 2292 1486 2347 fuerit
1513 2308 1675 2364 Vsque
1691 2294 1747 2347 in
1773 2289 1889 2348 AB
1927 2294 2147 2348 dicatur-

491 2409 594 2464 que
616 2384 861 2454 AGzt,
893 2377 1116 2440 AC-„ze
1138 2424 1153 2451 ‚
1179 2377 1400 2438 Ecm
1438 2378 1738 2451 superficies
1762 2375 1978 2437 GH-.:n
2004 2422 2017 2450 ‚
2046 2396 2158 2434 arn.

493 2475 708 2550 piitudo
735 2473 841 2525 tubi
868 2469 1102 2535 ΕῈΞΙ,
1138 2467 1358 2522 altitudo
1395 2482 1498 2538 pro
1535 2466 1830 2537 generanda
1864 2467 2156 2521 velocitate

490 2557 788 2632 superficiei
808 2551 1049 2620 (ΕΗΖ-υ,
1071 2552 1359 2608 mutabitur
1378 2555 1618 2623 aequatio
1645 2555 1905 2606 canonica
1926 2548 2075 2606 factis
2099 2566 2158 2604 v-

495 2650 655 2719 bique
685 2645 783 2701 rite
794 2637 1227 2698 substitutionibus
1253 2641 1303 2693 in
1328 2640 1491 2694 talem
1516 2640 1579 2695 ad
1605 2636 1778 2695 casum
1814 2637 2154 2712 propositum

2086 2718 2160 2775 fa-
