<?xml version="1.0" encoding="UTF-8"?>
<!DOCTYPE html PUBLIC "-//W3C//DTD XHTML 1.0 Transitional//EN"
    "http://www.w3.org/TR/xhtml1/DTD/xhtml1-transitional.dtd">
<html xmlns="http://www.w3.org/1999/xhtml" xml:lang="en" lang="en">
 <head>
  <title>
</title>
<meta http-equiv="Content-Type" content="text/html;charset=utf-8" />
  <meta name='ocr-system' content='tesseract 3.04.00' />
  <meta name='ocr-capabilities' content='ocr_page ocr_carea ocr_par ocr_line ocrx_word'/>
</head>
<body>
  <div class='ocr_page' id='page_1' title='image "./commentariiacade02impe_0484.png"; bbox 0 0 2393 3590; ppageno 0'>
   <div class='ocr_carea' id='block_1_1' title="bbox 586 127 1844 218">
    <p class='ocr_par' dir='ltr' id='par_1_1' title="bbox 586 127 1844 218">
     <span class='ocr_line' id='line_1_1' title="bbox 586 127 1844 218; baseline -0.004 -22"><span class='ocrx_word' id='word_1_1' title='bbox 586 148 712 218; x_wconf 81' lang='lat'>472</span> <span class='ocrx_word' id='word_1_2' title='bbox 1019 127 1125 196; x_wconf 61' lang='grc' dir='ltr'>ΥΕ</span> <span class='ocrx_word' id='word_1_3' title='bbox 1138 129 1291 196; x_wconf 86' lang='lat' dir='ltr'>TVS</span> <span class='ocrx_word' id='word_1_4' title='bbox 1354 128 1844 194; x_wconf 80' lang='lat' dir='ltr'><strong><em>INSCRIPTIO</em></strong></span> 
     </span>
    </p>
   </div>
   <div class='ocr_carea' id='block_1_2' title="bbox 575 280 2264 2680">
    <p class='ocr_par' dir='ltr' id='par_1_2' title="bbox 575 280 2264 2680">
     <span class='ocr_line' id='line_1_2' title="bbox 587 280 2246 362; baseline -0.001 -17"><span class='ocrx_word' id='word_1_5' title='bbox 587 292 811 348; x_wconf 70' lang='lat' dir='ltr'>claccxz</span> <span class='ocrx_word' id='word_1_6' title='bbox 837 304 887 350; x_wconf 86' lang='lat'>1.</span> <span class='ocrx_word' id='word_1_7' title='bbox 928 280 1252 345; x_wconf 83' lang='lat' dir='ltr'>Christianus</span> <span class='ocrx_word' id='word_1_8' title='bbox 1275 289 1416 343; x_wconf 90' lang='lat' dir='ltr'>diem</span> <span class='ocrx_word' id='word_1_9' title='bbox 1441 290 1585 343; x_wconf 89' lang='lat' dir='ltr'>obiit.</span> <span class='ocrx_word' id='word_1_10' title='bbox 1670 288 1746 355; x_wconf 82' lang='lat' dir='ltr'>Is,</span> <span class='ocrx_word' id='word_1_11' title='bbox 1779 306 1907 361; x_wconf 81' lang='lat' dir='ltr'>quae</span> <span class='ocrx_word' id='word_1_12' title='bbox 1932 287 1996 344; x_wconf 82' lang='lat' dir='ltr'>ad</span> <span class='ocrx_word' id='word_1_13' title='bbox 2011 285 2246 362; x_wconf 61' lang='lat' dir='ltr'>supersti-</span> 
     </span>
     <span class='ocr_line' id='line_1_3' title="bbox 586 375 2243 448; baseline 0.001 -15"><span class='ocrx_word' id='word_1_14' title='bbox 586 379 791 435; x_wconf 83' lang='lat' dir='ltr'>tionem</span> <span class='ocrx_word' id='word_1_15' title='bbox 815 377 1119 434; x_wconf 81' lang='lat' dir='ltr'>Prufforum</span> <span class='ocrx_word' id='word_1_16' title='bbox 1145 375 1504 444; x_wconf 85' lang='lat' dir='ltr'>historiamque</span> <span class='ocrx_word' id='word_1_17' title='bbox 1519 383 1755 429; x_wconf 81' lang='lat' dir='ltr'>veterem</span> <span class='ocrx_word' id='word_1_18' title='bbox 1771 388 1822 428; x_wconf 89' lang='lat' dir='ltr'>et</span> <span class='ocrx_word' id='word_1_19' title='bbox 1847 376 2243 448; x_wconf 85' lang='lat' dir='ltr'>expeditionem</span> 
     </span>
     <span class='ocr_line' id='line_1_4' title="bbox 586 457 2237 539; baseline -0.007 -18"><span class='ocrx_word' id='word_1_20' title='bbox 586 468 652 520; x_wconf 80' lang='lat' dir='ltr'>ab</span> <span class='ocrx_word' id='word_1_21' title='bbox 682 465 934 539; x_wconf 82' lang='lat' dir='ltr'>equitibus</span> <span class='ocrx_word' id='word_1_22' title='bbox 957 461 1271 516; x_wconf 76' lang='lat' dir='ltr'>Teutonicis</span> <span class='ocrx_word' id='word_1_23' title='bbox 1301 457 1584 531; x_wconf 81' lang='lat' dir='ltr'>susceptam</span> <span class='ocrx_word' id='word_1_24' title='bbox 1611 459 1966 531; x_wconf 82' lang='lat' dir='ltr'>pertinebant,</span> <span class='ocrx_word' id='word_1_25' title='bbox 2013 465 2237 538; x_wconf 80' lang='lat' dir='ltr'>diligen-</span> 
     </span>
     <span class='ocr_line' id='line_1_5' title="bbox 584 542 2245 622; baseline 0 -15"><span class='ocrx_word' id='word_1_26' title='bbox 584 565 663 607; x_wconf 85' lang='lat' dir='ltr'>ter</span> <span class='ocrx_word' id='word_1_27' title='bbox 691 550 1014 622; x_wconf 76' lang='lat' dir='ltr'>consignauit</span> <span class='ocrx_word' id='word_1_28' title='bbox 1044 547 1097 600; x_wconf 91' lang='lat' dir='ltr'>in</span> <span class='ocrx_word' id='word_1_29' title='bbox 1119 545 1263 599; x_wconf 87' lang='lat' dir='ltr'>libro</span> <span class='ocrx_word' id='word_1_30' title='bbox 1290 586 1302 612; x_wconf 90' lang='lat'><strong>‚</strong></span> <span class='ocrx_word' id='word_1_31' title='bbox 1327 542 1344 618; x_wconf 93' lang='lat'>(</span> <span class='ocrx_word' id='word_1_32' title='bbox 1361 550 1420 616; x_wconf 80' lang='lat'>3)</span> <span class='ocrx_word' id='word_1_33' title='bbox 1449 547 1536 617; x_wconf 94' lang='lat' dir='ltr'>qui</span> <span class='ocrx_word' id='word_1_34' title='bbox 1558 562 1691 600; x_wconf 90' lang='lat' dir='ltr'>nunc</span> <span class='ocrx_word' id='word_1_35' title='bbox 1714 546 1927 618; x_wconf 87' lang='lat' dir='ltr'>quidem</span> <span class='ocrx_word' id='word_1_36' title='bbox 1954 561 2036 603; x_wconf 84' lang='lat' dir='ltr'>aut</span> <span class='ocrx_word' id='word_1_37' title='bbox 2052 550 2245 606; x_wconf 78' lang='lat' dir='ltr'>latetin</span> 
     </span>
     <span class='ocr_line' id='line_1_6' title="bbox 587 631 2247 704; baseline -0.001 -12"><span class='ocrx_word' id='word_1_38' title='bbox 587 638 852 693; x_wconf 78' lang='lat' dir='ltr'>tabulariis</span> <span class='ocrx_word' id='word_1_39' title='bbox 876 647 956 689; x_wconf 88' lang='lat' dir='ltr'>aut</span> <span class='ocrx_word' id='word_1_40' title='bbox 987 646 1130 687; x_wconf 86' lang='lat' dir='ltr'>certe</span> <span class='ocrx_word' id='word_1_41' title='bbox 1150 632 1308 686; x_wconf 84' lang='lat' dir='ltr'>nobis</span> <span class='ocrx_word' id='word_1_42' title='bbox 1332 633 1513 704; x_wconf 82' lang='lat' dir='ltr'>periit.</span> <span class='ocrx_word' id='word_1_43' title='bbox 1600 632 1701 691; x_wconf 88' lang='lat' dir='ltr'>Vfi</span> <span class='ocrx_word' id='word_1_44' title='bbox 1729 646 1904 688; x_wconf 87' lang='lat' dir='ltr'>autem</span> <span class='ocrx_word' id='word_1_45' title='bbox 1931 649 1998 688; x_wconf 89' lang='lat' dir='ltr'>eo</span> <span class='ocrx_word' id='word_1_46' title='bbox 2027 631 2134 690; x_wconf 93' lang='lat' dir='ltr'>sunt</span> <span class='ocrx_word' id='word_1_47' title='bbox 2161 633 2247 692; x_wconf 86' lang='lat' dir='ltr'>Si-</span> 
     </span>
     <span class='ocr_line' id='line_1_7' title="bbox 585 717 2240 792; baseline -0.005 -12"><span class='ocrx_word' id='word_1_48' title='bbox 585 741 719 779; x_wconf 89' lang='lat' dir='ltr'>mon</span> <span class='ocrx_word' id='word_1_49' title='bbox 744 719 942 788; x_wconf 79' lang='lat' dir='ltr'>Gruna‚</span> <span class='ocrx_word' id='word_1_50' title='bbox 961 718 1278 776; x_wconf 67' lang='lat' dir='ltr'>&#39;monachus</span> <span class='ocrx_word' id='word_1_51' title='bbox 1305 717 1700 774; x_wconf 81' lang='lat' dir='ltr'>Domi-nicanus</span> <span class='ocrx_word' id='word_1_52' title='bbox 1723 733 1776 774; x_wconf 88' lang='lat' dir='ltr'>et</span> <span class='ocrx_word' id='word_1_53' title='bbox 1797 719 1885 775; x_wconf 89' lang='lat' dir='ltr'>ille</span> <span class='ocrx_word' id='word_1_54' title='bbox 1911 732 2060 792; x_wconf 84' lang='lat' dir='ltr'>pater</span> <span class='ocrx_word' id='word_1_55' title='bbox 2086 721 2240 777; x_wconf 83' lang='lat' dir='ltr'>histo.</span> 
     </span>
     <span class='ocr_line' id='line_1_8' title="bbox 583 803 2245 878; baseline -0.002 -12"><span class='ocrx_word' id='word_1_56' title='bbox 583 813 690 866; x_wconf 82' lang='lat' dir='ltr'>riae</span> <span class='ocrx_word' id='word_1_57' title='bbox 727 809 1035 864; x_wconf 87' lang='lat' dir='ltr'>Prutenicae</span> <span class='ocrx_word' id='word_1_58' title='bbox 1068 807 1239 863; x_wconf 84' lang='lat' dir='ltr'>Lucas</span> <span class='ocrx_word' id='word_1_59' title='bbox 1269 803 1449 860; x_wconf 86' lang='lat' dir='ltr'>Dauid</span> <span class='ocrx_word' id='word_1_60' title='bbox 1473 842 1488 873; x_wconf 85' lang='lat'>‚</span> <span class='ocrx_word' id='word_1_61' title='bbox 1535 807 1623 878; x_wconf 92' lang='lat' dir='ltr'>qui</span> <span class='ocrx_word' id='word_1_62' title='bbox 1664 819 1781 861; x_wconf 84' lang='lat' dir='ltr'>ante</span> <span class='ocrx_word' id='word_1_63' title='bbox 1814 806 1912 861; x_wconf 89' lang='lat' dir='ltr'>hos</span> <span class='ocrx_word' id='word_1_64' title='bbox 1947 820 2159 863; x_wconf 89' lang='lat' dir='ltr'>centum</span> <span class='ocrx_word' id='word_1_65' title='bbox 2196 820 2245 862; x_wconf 89' lang='lat' dir='ltr'>et</span> 
     </span>
     <span class='ocr_line' id='line_1_9' title="bbox 583 891 2246 968; baseline -0.002 -17"><span class='ocrx_word' id='word_1_66' title='bbox 583 897 953 968; x_wconf 76' lang='lat' dir='ltr'>quinquaginta</span> <span class='ocrx_word' id='word_1_67' title='bbox 979 910 1142 948; x_wconf 79' lang='lat' dir='ltr'>annos</span> <span class='ocrx_word' id='word_1_68' title='bbox 1156 904 1203 947; x_wconf 90' lang='lat' dir='ltr'>et</span> <span class='ocrx_word' id='word_1_69' title='bbox 1224 892 1473 964; x_wconf 79' lang='lat' dir='ltr'>ampliuS‚</span> <span class='ocrx_word' id='word_1_70' title='bbox 1502 894 1920 948; x_wconf 74' lang='lat' dir='ltr'>commentarios</span> <span class='ocrx_word' id='word_1_71' title='bbox 1949 891 2065 949; x_wconf 83' lang='lat' dir='ltr'>suos</span> <span class='ocrx_word' id='word_1_72' title='bbox 2089 911 2246 949; x_wconf 86' lang='lat' dir='ltr'>excu-</span> 
     </span>
     <span class='ocr_line' id='line_1_10' title="bbox 584 976 2248 1051; baseline -0.001 -15"><span class='ocrx_word' id='word_1_73' title='bbox 584 983 771 1036; x_wconf 83' lang='lat' dir='ltr'>derunt</span> <span class='ocrx_word' id='word_1_74' title='bbox 808 1018 823 1051; x_wconf 86' lang='lat'>,</span> <span class='ocrx_word' id='word_1_75' title='bbox 883 981 1122 1035; x_wconf 89' lang='lat' dir='ltr'>nondum</span> <span class='ocrx_word' id='word_1_76' title='bbox 1148 980 1368 1051; x_wconf 89' lang='lat' dir='ltr'>publice</span> <span class='ocrx_word' id='word_1_77' title='bbox 1390 982 1564 1036; x_wconf 80' lang='lat' dir='ltr'>editOS.</span> <span class='ocrx_word' id='word_1_78' title='bbox 1651 976 1852 1034; x_wconf 87' lang='lat' dir='ltr'>Ambo</span> <span class='ocrx_word' id='word_1_79' title='bbox 1887 997 1915 1034; x_wconf 91' lang='lat' dir='ltr'>e</span> <span class='ocrx_word' id='word_1_80' title='bbox 1938 978 2248 1036; x_wconf 87' lang='lat' dir='ltr'>Christiano</span> 
     </span>
     <span class='ocr_line' id='line_1_11' title="bbox 582 1065 2239 1141; baseline -0.001 -17"><span class='ocrx_word' id='word_1_81' title='bbox 582 1067 1259 1141; x_wconf 67' lang='lat' dir='ltr'>episcopoinscriptionem</span> <span class='ocrx_word' id='word_1_82' title='bbox 1283 1067 1465 1121; x_wconf 81' lang='lat' dir='ltr'>vexilli</span> <span class='ocrx_word' id='word_1_83' title='bbox 1494 1066 1764 1123; x_wconf 90' lang='lat' dir='ltr'>Prutenici</span> <span class='ocrx_word' id='word_1_84' title='bbox 1795 1065 1890 1121; x_wconf 84' lang='lat' dir='ltr'>suis</span> <span class='ocrx_word' id='word_1_85' title='bbox 1927 1065 2136 1140; x_wconf 87' lang='lat' dir='ltr'>scriptis</span> <span class='ocrx_word' id='word_1_86' title='bbox 2159 1067 2239 1123; x_wconf 91' lang='lat' dir='ltr'>in-</span> 
     </span>
     <span class='ocr_line' id='line_1_12' title="bbox 579 1147 2248 1232; baseline -0.001 -21"><span class='ocrx_word' id='word_1_87' title='bbox 579 1156 861 1214; x_wconf 84' lang='lat' dir='ltr'>seruerunt.</span> <span class='ocrx_word' id='word_1_88' title='bbox 951 1152 1106 1232; x_wconf 82' lang='lat' dir='ltr'>Quae</span> <span class='ocrx_word' id='word_1_89' title='bbox 1133 1154 1250 1224; x_wconf 90' lang='lat' dir='ltr'>quia</span> <span class='ocrx_word' id='word_1_90' title='bbox 1274 1155 1325 1207; x_wconf 93' lang='lat' dir='ltr'>in</span> <span class='ocrx_word' id='word_1_91' title='bbox 1365 1151 1604 1207; x_wconf 81' lang='lat' dir='ltr'>Simonis</span> <span class='ocrx_word' id='word_1_92' title='bbox 1638 1147 1852 1208; x_wconf 89' lang='lat' dir='ltr'>Grunae</span> <span class='ocrx_word' id='word_1_93' title='bbox 1877 1151 1993 1210; x_wconf 87' lang='lat' dir='ltr'>MS.</span> <span class='ocrx_word' id='word_1_94' title='bbox 2026 1154 2169 1225; x_wconf 91' lang='lat' dir='ltr'>quod</span> <span class='ocrx_word' id='word_1_95' title='bbox 2195 1172 2248 1210; x_wconf 87' lang='lat' dir='ltr'>a·</span> 
     </span>
     <span class='ocr_line' id='line_1_13' title="bbox 580 1233 2252 1316; baseline 0 -20"><span class='ocrx_word' id='word_1_96' title='bbox 580 1243 690 1316; x_wconf 92' lang='lat' dir='ltr'>pud</span> <span class='ocrx_word' id='word_1_97' title='bbox 702 1242 1169 1314; x_wconf 80' lang='lat' dir='ltr'>Regiomontanos</span> <span class='ocrx_word' id='word_1_98' title='bbox 1183 1241 1232 1292; x_wconf 91' lang='lat' dir='ltr'>in</span> <span class='ocrx_word' id='word_1_99' title='bbox 1251 1237 1585 1292; x_wconf 84' lang='lat' dir='ltr'>bibliotheca</span> <span class='ocrx_word' id='word_1_100' title='bbox 1603 1233 1851 1310; x_wconf 84' lang='lat' dir='ltr'>Augusta</span> <span class='ocrx_word' id='word_1_101' title='bbox 1865 1239 2252 1308; x_wconf 83' lang='lat' dir='ltr'>exstat‚nonni-</span> 
     </span>
     <span class='ocr_line' id='line_1_14' title="bbox 579 1323 2253 1399; baseline -0.002 -15"><span class='ocrx_word' id='word_1_102' title='bbox 579 1330 654 1384; x_wconf 89' lang='lat' dir='ltr'>hil</span> <span class='ocrx_word' id='word_1_103' title='bbox 679 1327 857 1383; x_wconf 86' lang='lat' dir='ltr'>differt</span> <span class='ocrx_word' id='word_1_104' title='bbox 883 1326 949 1380; x_wconf 83' lang='lat' dir='ltr'>ab</span> <span class='ocrx_word' id='word_1_105' title='bbox 975 1343 1035 1379; x_wconf 87' lang='lat' dir='ltr'>ea</span> <span class='ocrx_word' id='word_1_106' title='bbox 1055 1361 1068 1391; x_wconf 86' lang='lat'>,</span> <span class='ocrx_word' id='word_1_107' title='bbox 1087 1342 1245 1396; x_wconf 79' lang='lat' dir='ltr'>quam</span> <span class='ocrx_word' id='word_1_108' title='bbox 1271 1323 1442 1380; x_wconf 89' lang='lat' dir='ltr'>Lucas</span> <span class='ocrx_word' id='word_1_109' title='bbox 1463 1323 1645 1380; x_wconf 86' lang='lat' dir='ltr'>Dauid</span> <span class='ocrx_word' id='word_1_110' title='bbox 1659 1323 1910 1396; x_wconf 78' lang='lat' dir='ltr'>expressit</span> <span class='ocrx_word' id='word_1_111' title='bbox 1930 1325 1983 1378; x_wconf 91' lang='lat' dir='ltr'>in</span> <span class='ocrx_word' id='word_1_112' title='bbox 2007 1339 2253 1399; x_wconf 86' lang='lat' dir='ltr'>autogra-</span> 
     </span>
     <span class='ocr_line' id='line_1_15' title="bbox 580 1410 2241 1488; baseline 0.002 -24"><span class='ocrx_word' id='word_1_113' title='bbox 580 1417 693 1488; x_wconf 79' lang='lat' dir='ltr'>pho</span> <span class='ocrx_word' id='word_1_114' title='bbox 717 1459 731 1485; x_wconf 77' lang='lat'><strong>‚</strong></span> <span class='ocrx_word' id='word_1_115' title='bbox 768 1433 837 1470; x_wconf 80' lang='lat' dir='ltr'>ex</span> <span class='ocrx_word' id='word_1_116' title='bbox 876 1414 1058 1483; x_wconf 87' lang='lat' dir='ltr'>quoin</span> <span class='ocrx_word' id='word_1_117' title='bbox 1095 1411 1286 1463; x_wconf 83' lang='lat' dir='ltr'>eadem</span> <span class='ocrx_word' id='word_1_118' title='bbox 1324 1410 1645 1465; x_wconf 80' lang='lat' dir='ltr'>bibliotheca</span> <span class='ocrx_word' id='word_1_119' title='bbox 1670 1426 1769 1464; x_wconf 83' lang='lat' dir='ltr'>nos</span> <span class='ocrx_word' id='word_1_120' title='bbox 1791 1410 2029 1467; x_wconf 87' lang='lat' dir='ltr'>nostrum</span> <span class='ocrx_word' id='word_1_121' title='bbox 2054 1428 2241 1467; x_wconf 87' lang='lat' dir='ltr'>exem-</span> 
     </span>
     <span class='ocr_line' id='line_1_16' title="bbox 583 1492 2252 1574; baseline -0.001 -19"><span class='ocrx_word' id='word_1_122' title='bbox 583 1504 698 1574; x_wconf 83' lang='lat' dir='ltr'>plar</span> <span class='ocrx_word' id='word_1_123' title='bbox 720 1499 1078 1573; x_wconf 71' lang='lat' dir='ltr'>descripsimus</span> <span class='ocrx_word' id='word_1_124' title='bbox 1107 1538 1120 1563; x_wconf 82' lang='lat'>,</span> <span class='ocrx_word' id='word_1_125' title='bbox 1154 1496 1361 1551; x_wconf 85' lang='lat' dir='ltr'>idcirco</span> <span class='ocrx_word' id='word_1_126' title='bbox 1387 1497 1616 1569; x_wconf 89' lang='lat' dir='ltr'>primum</span> <span class='ocrx_word' id='word_1_127' title='bbox 1647 1514 1675 1550; x_wconf 88' lang='lat' dir='ltr'>e</span> <span class='ocrx_word' id='word_1_128' title='bbox 1702 1492 1885 1551; x_wconf 86' lang='lat' dir='ltr'>Gruna</span> <span class='ocrx_word' id='word_1_129' title='bbox 1913 1540 1927 1566; x_wconf 81' lang='lat'>‚</span> <span class='ocrx_word' id='word_1_130' title='bbox 1961 1511 2074 1553; x_wconf 90' lang='lat' dir='ltr'>tum</span> <span class='ocrx_word' id='word_1_131' title='bbox 2102 1499 2252 1553; x_wconf 89' lang='lat' dir='ltr'>dein-</span> 
     </span>
     <span class='ocr_line' id='line_1_17' title="bbox 585 1583 2246 1656; baseline -0.002 -14"><span class='ocrx_word' id='word_1_132' title='bbox 585 1590 654 1642; x_wconf 88' lang='lat' dir='ltr'>de</span> <span class='ocrx_word' id='word_1_133' title='bbox 682 1589 831 1642; x_wconf 83' lang='lat' dir='ltr'>etiam</span> <span class='ocrx_word' id='word_1_134' title='bbox 862 1601 891 1637; x_wconf 87' lang='lat' dir='ltr'>e</span> <span class='ocrx_word' id='word_1_135' title='bbox 915 1584 1125 1639; x_wconf 78' lang='lat' dir='ltr'>Dauide</span> <span class='ocrx_word' id='word_1_136' title='bbox 1147 1583 1538 1656; x_wconf 85' lang='lat' dir='ltr'>inscriptionem</span> <span class='ocrx_word' id='word_1_137' title='bbox 1556 1583 1645 1638; x_wconf 91' lang='lat' dir='ltr'>sub</span> <span class='ocrx_word' id='word_1_138' title='bbox 1671 1584 1936 1655; x_wconf 88' lang='lat' dir='ltr'>principio</span> <span class='ocrx_word' id='word_1_139' title='bbox 1961 1584 2246 1655; x_wconf 79' lang='lat' dir='ltr'>posuimuS.</span> 
     </span>
     <span class='ocr_line' id='line_1_18' title="bbox 583 1668 2255 1744; baseline -0.001 -15"><span class='ocrx_word' id='word_1_140' title='bbox 583 1671 783 1744; x_wconf 84' lang='lat' dir='ltr'>Caspar</span> <span class='ocrx_word' id='word_1_141' title='bbox 810 1669 1059 1727; x_wconf 86' lang='lat' dir='ltr'>Schuzius</span> <span class='ocrx_word' id='word_1_142' title='bbox 1082 1687 1291 1742; x_wconf 91' lang='lat' dir='ltr'>quoque</span> <span class='ocrx_word' id='word_1_143' title='bbox 1317 1686 1506 1725; x_wconf 87' lang='lat' dir='ltr'>numos</span> <span class='ocrx_word' id='word_1_144' title='bbox 1530 1668 1792 1741; x_wconf 87' lang='lat' dir='ltr'>quosdam</span> <span class='ocrx_word' id='word_1_145' title='bbox 1817 1686 1886 1723; x_wconf 88' lang='lat' dir='ltr'>ex</span> <span class='ocrx_word' id='word_1_146' title='bbox 1913 1687 2049 1740; x_wconf 82' lang='lat' dir='ltr'>agro</span> <span class='ocrx_word' id='word_1_147' title='bbox 2075 1685 2255 1727; x_wconf 84' lang='lat' dir='ltr'>erutos</span> 
     </span>
     <span class='ocr_line' id='line_1_19' title="bbox 579 1753 2264 1832; baseline 0 -18"><span class='ocrx_word' id='word_1_148' title='bbox 579 1762 630 1814; x_wconf 93' lang='lat' dir='ltr'>in</span> <span class='ocrx_word' id='word_1_149' title='bbox 667 1760 924 1814; x_wconf 87' lang='lat' dir='ltr'>chronico</span> <span class='ocrx_word' id='word_1_150' title='bbox 958 1756 1210 1832; x_wconf 88' lang='lat' dir='ltr'>producit</span> <span class='ocrx_word' id='word_1_151' title='bbox 1246 1758 1424 1811; x_wconf 86' lang='lat' dir='ltr'>litteris</span> <span class='ocrx_word' id='word_1_152' title='bbox 1450 1771 1558 1810; x_wconf 93' lang='lat' dir='ltr'>non</span> <span class='ocrx_word' id='word_1_153' title='bbox 1597 1753 2012 1811; x_wconf 83' lang='lat' dir='ltr'>abhorrentibus</span> <span class='ocrx_word' id='word_1_154' title='bbox 2036 1755 2103 1811; x_wconf 83' lang='lat' dir='ltr'>ab</span> <span class='ocrx_word' id='word_1_155' title='bbox 2129 1759 2264 1814; x_wconf 80' lang='lat' dir='ltr'>illa·-</span> 
     </span>
     <span class='ocr_line' id='line_1_20' title="bbox 580 1843 2147 1916; baseline -0.002 -14"><span class='ocrx_word' id='word_1_156' title='bbox 580 1864 694 1902; x_wconf 88' lang='lat' dir='ltr'>rum</span> <span class='ocrx_word' id='word_1_157' title='bbox 718 1846 890 1899; x_wconf 85' lang='lat' dir='ltr'>forma</span> <span class='ocrx_word' id='word_1_158' title='bbox 919 1864 929 1898; x_wconf 92' lang='lat'><strong>:</strong></span> <span class='ocrx_word' id='word_1_159' title='bbox 966 1846 1032 1900; x_wconf 88' lang='lat' dir='ltr'>de</span> <span class='ocrx_word' id='word_1_160' title='bbox 1061 1843 1242 1916; x_wconf 84' lang='lat' dir='ltr'>quibus</span> <span class='ocrx_word' id='word_1_161' title='bbox 1271 1857 1449 1899; x_wconf 83' lang='lat' dir='ltr'>tamen</span> <span class='ocrx_word' id='word_1_162' title='bbox 1472 1843 1725 1898; x_wconf 90' lang='lat' dir='ltr'>hocloco</span> <span class='ocrx_word' id='word_1_163' title='bbox 1751 1859 1861 1898; x_wconf 92' lang='lat' dir='ltr'>non</span> <span class='ocrx_word' id='word_1_164' title='bbox 1890 1843 2147 1899; x_wconf 85' lang='lat' dir='ltr'>dicemus.</span> 
     </span>
     <span class='ocr_line' id='line_1_21' title="bbox 738 1928 2253 2003; baseline 0 -15"><span class='ocrx_word' id='word_1_165' title='bbox 738 1932 892 1988; x_wconf 75' lang='lat' dir='ltr'>Duae</span> <span class='ocrx_word' id='word_1_166' title='bbox 916 1932 1205 2003; x_wconf 86' lang='lat' dir='ltr'>opiniones</span> <span class='ocrx_word' id='word_1_167' title='bbox 1231 1932 1294 1986; x_wconf 89' lang='lat' dir='ltr'>de</span> <span class='ocrx_word' id='word_1_168' title='bbox 1321 1930 1600 1986; x_wconf 86' lang='lat' dir='ltr'>hislitteris</span> <span class='ocrx_word' id='word_1_169' title='bbox 1626 1929 1903 1986; x_wconf 88' lang='lat' dir='ltr'>obtinuere</span> <span class='ocrx_word' id='word_1_170' title='bbox 1929 1928 2098 1986; x_wconf 87' lang='lat' dir='ltr'>adhuc</span> <span class='ocrx_word' id='word_1_171' title='bbox 2123 1932 2253 1988; x_wconf 85' lang='lat' dir='ltr'>inter</span> 
     </span>
     <span class='ocr_line' id='line_1_22' title="bbox 575 2015 2249 2095; baseline -0.004 -21"><span class='ocrx_word' id='word_1_172' title='bbox 575 2019 861 2095; x_wconf 77' lang='lat' dir='ltr'>populares</span> <span class='ocrx_word' id='word_1_173' title='bbox 889 2034 1062 2075; x_wconf 77' lang='lat' dir='ltr'>meos,</span> <span class='ocrx_word' id='word_1_174' title='bbox 1148 2016 1413 2075; x_wconf 87' lang='lat' dir='ltr'>Nonnulli</span> <span class='ocrx_word' id='word_1_175' title='bbox 1441 2017 1506 2072; x_wconf 83' lang='lat' dir='ltr'>ab</span> <span class='ocrx_word' id='word_1_176' title='bbox 1521 2018 1694 2072; x_wconf 80' lang='lat' dir='ltr'>otiosis</span> <span class='ocrx_word' id='word_1_177' title='bbox 1718 2015 1975 2072; x_wconf 69' lang='lat' dir='ltr'>confictas</span> <span class='ocrx_word' id='word_1_178' title='bbox 2004 2016 2106 2071; x_wconf 86' lang='lat' dir='ltr'>effe</span> <span class='ocrx_word' id='word_1_179' title='bbox 2134 2020 2249 2090; x_wconf 88' lang='lat' dir='ltr'>opi..</span> 
     </span>
     <span class='ocr_line' id='line_1_23' title="bbox 581 2101 2250 2174; baseline 0 -13"><span class='ocrx_word' id='word_1_180' title='bbox 581 2110 682 2161; x_wconf 73' lang='lat' dir='ltr'>nati</span> <span class='ocrx_word' id='word_1_181' title='bbox 725 2105 834 2160; x_wconf 88' lang='lat' dir='ltr'>sunt</span> <span class='ocrx_word' id='word_1_182' title='bbox 871 2123 883 2158; x_wconf 91' lang='lat'><strong>:</strong></span> <span class='ocrx_word' id='word_1_183' title='bbox 942 2105 1034 2159; x_wconf 87' lang='lat' dir='ltr'>alii</span> <span class='ocrx_word' id='word_1_184' title='bbox 1067 2122 1216 2159; x_wconf 81' lang='lat' dir='ltr'>runas</span> <span class='ocrx_word' id='word_1_185' title='bbox 1255 2105 1355 2161; x_wconf 86' lang='lat' dir='ltr'>effe</span> <span class='ocrx_word' id='word_1_186' title='bbox 1381 2103 1776 2160; x_wconf 86' lang='lat' dir='ltr'>contenderunt.</span> <span class='ocrx_word' id='word_1_187' title='bbox 1861 2101 2090 2174; x_wconf 86' lang='lat' dir='ltr'>Vtrique</span> <span class='ocrx_word' id='word_1_188' title='bbox 2117 2104 2250 2161; x_wconf 87' lang='lat' dir='ltr'>mihi</span> 
     </span>
     <span class='ocr_line' id='line_1_24' title="bbox 582 2187 2240 2264; baseline 0.001 -17"><span class='ocrx_word' id='word_1_189' title='bbox 582 2193 965 2264; x_wconf 87' lang='lat' dir='ltr'>compendium</span> <span class='ocrx_word' id='word_1_190' title='bbox 998 2189 1174 2245; x_wconf 82' lang='lat' dir='ltr'>facere</span> <span class='ocrx_word' id='word_1_191' title='bbox 1211 2189 1322 2245; x_wconf 88' lang='lat' dir='ltr'>sunt</span> <span class='ocrx_word' id='word_1_192' title='bbox 1361 2191 1475 2246; x_wconf 80' lang='lat' dir='ltr'>visi.</span> <span class='ocrx_word' id='word_1_193' title='bbox 1559 2187 1708 2246; x_wconf 90' lang='lat' dir='ltr'>Nam</span> <span class='ocrx_word' id='word_1_194' title='bbox 1735 2205 1865 2259; x_wconf 86' lang='lat' dir='ltr'>quae</span> <span class='ocrx_word' id='word_1_195' title='bbox 1888 2192 2002 2260; x_wconf 78' lang='lat' dir='ltr'>quis</span> <span class='ocrx_word' id='word_1_196' title='bbox 2031 2207 2138 2245; x_wconf 92' lang='lat' dir='ltr'>non</span> <span class='ocrx_word' id='word_1_197' title='bbox 2160 2192 2240 2248; x_wconf 89' lang='lat' dir='ltr'>in-</span> 
     </span>
     <span class='ocr_line' id='line_1_25' title="bbox 580 2273 2250 2349; baseline 0.001 -16"><span class='ocrx_word' id='word_1_198' title='bbox 580 2280 799 2348; x_wconf 77' lang='lat' dir='ltr'>telligit,</span> <span class='ocrx_word' id='word_1_199' title='bbox 843 2295 905 2333; x_wconf 80' lang='lat' dir='ltr'>ea</span> <span class='ocrx_word' id='word_1_200' title='bbox 936 2320 949 2347; x_wconf 83' lang='lat'>‚</span> <span class='ocrx_word' id='word_1_201' title='bbox 982 2277 1021 2331; x_wconf 88' lang='lat' dir='ltr'>fi</span> <span class='ocrx_word' id='word_1_202' title='bbox 1045 2277 1244 2333; x_wconf 82' lang='lat' dir='ltr'>somnia</span> <span class='ocrx_word' id='word_1_203' title='bbox 1265 2290 1318 2331; x_wconf 89' lang='lat' dir='ltr'>et</span> <span class='ocrx_word' id='word_1_204' title='bbox 1343 2293 1503 2349; x_wconf 84' lang='lat' dir='ltr'>nugas</span> <span class='ocrx_word' id='word_1_205' title='bbox 1527 2276 1666 2329; x_wconf 90' lang='lat' dir='ltr'>dicat</span> <span class='ocrx_word' id='word_1_206' title='bbox 1691 2273 1793 2328; x_wconf 84' lang='lat' dir='ltr'>effe</span> <span class='ocrx_word' id='word_1_207' title='bbox 1812 2317 1825 2342; x_wconf 94' lang='lat'>,</span> <span class='ocrx_word' id='word_1_208' title='bbox 1857 2276 1909 2329; x_wconf 90' lang='lat' dir='ltr'>in</span> <span class='ocrx_word' id='word_1_209' title='bbox 1935 2289 2250 2349; x_wconf 88' lang='lat' dir='ltr'>perpetuum</span> 
     </span>
     <span class='ocr_line' id='line_1_26' title="bbox 577 2361 2251 2435; baseline 0.001 -15"><span class='ocrx_word' id='word_1_210' title='bbox 577 2366 629 2420; x_wconf 84' lang='lat' dir='ltr'>se</span> <span class='ocrx_word' id='word_1_211' title='bbox 662 2366 911 2433; x_wconf 79' lang='lat' dir='ltr'>expedire</span> <span class='ocrx_word' id='word_1_212' title='bbox 954 2363 1163 2418; x_wconf 83' lang='lat' dir='ltr'>videtur</span> <span class='ocrx_word' id='word_1_213' title='bbox 1203 2363 1268 2417; x_wconf 87' lang='lat' dir='ltr'>ab</span> <span class='ocrx_word' id='word_1_214' title='bbox 1304 2361 1609 2435; x_wconf 86' lang='lat' dir='ltr'>inquirenda</span> <span class='ocrx_word' id='word_1_215' title='bbox 1643 2361 1866 2416; x_wconf 84' lang='lat' dir='ltr'>veritate</span> <span class='ocrx_word' id='word_1_216' title='bbox 1896 2396 1911 2429; x_wconf 87' lang='lat'>‚</span> <span class='ocrx_word' id='word_1_217' title='bbox 1969 2380 2038 2417; x_wconf 90' lang='lat' dir='ltr'>ne</span> <span class='ocrx_word' id='word_1_218' title='bbox 2070 2376 2251 2422; x_wconf 86' lang='lat' dir='ltr'>tamen</span> 
     </span>
     <span class='ocr_line' id='line_1_27' title="bbox 581 2447 2252 2521; baseline 0.002 -17"><span class='ocrx_word' id='word_1_219' title='bbox 581 2450 894 2504; x_wconf 82' lang='lat' dir='ltr'>confiteatur</span> <span class='ocrx_word' id='word_1_220' title='bbox 914 2449 964 2503; x_wconf 87' lang='lat' dir='ltr'>se</span> <span class='ocrx_word' id='word_1_221' title='bbox 991 2449 1267 2504; x_wconf 88' lang='lat' dir='ltr'>hominem</span> <span class='ocrx_word' id='word_1_222' title='bbox 1292 2448 1393 2503; x_wconf 82' lang='lat' dir='ltr'>effe</span> <span class='ocrx_word' id='word_1_223' title='bbox 1422 2461 1474 2501; x_wconf 89' lang='lat' dir='ltr'>et</span> <span class='ocrx_word' id='word_1_224' title='bbox 1507 2447 1700 2518; x_wconf 81' lang='lat' dir='ltr'>aliquid</span> <span class='ocrx_word' id='word_1_225' title='bbox 1731 2447 2010 2516; x_wconf 84' lang='lat' dir='ltr'>ignorare:</span> <span class='ocrx_word' id='word_1_226' title='bbox 2047 2452 2132 2521; x_wconf 87' lang='lat' dir='ltr'>qui</span> <span class='ocrx_word' id='word_1_227' title='bbox 2157 2469 2252 2508; x_wconf 92' lang='lat' dir='ltr'>au-</span> 
     </span>
     <span class='ocr_line' id='line_1_28' title="bbox 584 2533 2245 2608; baseline 0 -15"><span class='ocrx_word' id='word_1_228' title='bbox 584 2552 698 2593; x_wconf 85' lang='lat' dir='ltr'>tem</span> <span class='ocrx_word' id='word_1_229' title='bbox 719 2552 868 2593; x_wconf 81' lang='lat' dir='ltr'>runas</span> <span class='ocrx_word' id='word_1_230' title='bbox 892 2536 994 2591; x_wconf 84' lang='lat' dir='ltr'>efle</span> <span class='ocrx_word' id='word_1_231' title='bbox 1024 2533 1333 2608; x_wconf 84' lang='lat' dir='ltr'>perhibent,</span> <span class='ocrx_word' id='word_1_232' title='bbox 1355 2534 1405 2590; x_wconf 90' lang='lat' dir='ltr'>hi</span> <span class='ocrx_word' id='word_1_233' title='bbox 1440 2533 1533 2590; x_wconf 85' lang='lat' dir='ltr'>fibi</span> <span class='ocrx_word' id='word_1_234' title='bbox 1567 2534 1809 2590; x_wconf 81' lang='lat' dir='ltr'>videntur</span> <span class='ocrx_word' id='word_1_235' title='bbox 1832 2535 2025 2606; x_wconf 85' lang='lat' dir='ltr'>aliquid</span> <span class='ocrx_word' id='word_1_236' title='bbox 2050 2536 2245 2607; x_wconf 87' lang='lat' dir='ltr'>dicere,</span> 
     </span>
     <span class='ocr_line' id='line_1_29' title="bbox 2119 2625 2249 2680; baseline 0.008 -1"><span class='ocrx_word' id='word_1_237' title='bbox 2119 2625 2249 2680; x_wconf 89' lang='lat' dir='ltr'>dum</span> 
     </span>
    </p>
   </div>
   <div class='ocr_carea' id='block_1_3' title="bbox 581 2789 2251 2921">
    <p class='ocr_par' dir='ltr' id='par_1_3' title="bbox 581 2789 2251 2921">
     <span class='ocr_line' id='line_1_30' title="bbox 720 2789 2251 2855; baseline -0.007 -11"><span class='ocrx_word' id='word_1_238' title='bbox 720 2798 794 2854; x_wconf 67' lang='lat' dir='ltr'>(z)</span> <span class='ocrx_word' id='word_1_239' title='bbox 829 2792 921 2842; x_wconf 87' lang='lat' dir='ltr'>Cui</span> <span class='ocrx_word' id='word_1_240' title='bbox 946 2792 1098 2841; x_wconf 80' lang='lat' dir='ltr'>titulus</span> <span class='ocrx_word' id='word_1_241' title='bbox 1121 2795 1157 2838; x_wconf 79' lang='lat' dir='ltr'>is</span> <span class='ocrx_word' id='word_1_242' title='bbox 1183 2789 1290 2839; x_wconf 84' lang='lat' dir='ltr'>fuit:</span> <span class='ocrx_word' id='word_1_243' title='bbox 1313 2791 1807 2854; x_wconf 67' lang='lat' dir='ltr'>LibcrfiliormnBelial</span> <span class='ocrx_word' id='word_1_244' title='bbox 1832 2802 1870 2839; x_wconf 86' lang='lat' dir='ltr'>et</span> <span class='ocrx_word' id='word_1_245' title='bbox 1890 2797 1938 2841; x_wconf 81' lang='lat' dir='ltr'>de</span> <span class='ocrx_word' id='word_1_246' title='bbox 1951 2795 2251 2855; x_wconf 63' lang='lat' dir='ltr'>eorumfitper..</span> 
     </span>
     <span class='ocr_line' id='line_1_31' title="bbox 581 2863 834 2921; baseline 0.004 -13"><span class='ocrx_word' id='word_1_247' title='bbox 581 2863 834 2921; x_wconf 70' lang='lat' dir='ltr'>ftitfom&#39;bus.</span> 
     </span>
    </p>
   </div>
  </div>
 </body>
</html>
