2393 3590
485 218 600 263 112
1055 188 1169 250 DE
1259 186 1519 252 MOTV

472 377 570 431 per
589 357 830 411 foramen
845 349 1002 406 vaide
1024 367 1245 420 paruum
1273 365 1332 402 ea
1354 346 1540 401 exilire
1567 344 1875 413 velocitate,
1901 361 1999 417 qua
2016 361 2139 418 pos-

475 446 537 501 fit
583 444 861 499 ascendere
887 440 952 493 ad
979 437 1302 492 altitudinem
1334 434 1623 506 superficiei
1660 451 1855 504 aqueae
1889 432 2036 504 supra
2056 432 2138 488 fo-

472 548 662 587 ramen
681 573 694 598 ,
730 547 756 582 a
773 524 1165 584 Mathematicis
1189 523 1499 594 quibusdam
1522 537 1667 575 recte
1693 518 1790 573 fuit
1822 520 2093 575 definitum
2117 537 2135 591 3

473 620 559 690 qui
591 616 805 672 vlterius
832 611 1088 685 progredi
1116 611 1393 664 voiuerunt
1417 652 1430 678 ‚
1479 608 1607 662 nihil
1643 620 1850 677 praeter
1870 608 2139 660 coniectu.

473 722 557 760 ras
576 703 727 759 omni
751 699 1115 775 experientiae
1142 707 1498 768 repugnantes
1530 690 1884 762 protulerunt,
1913 691 2033 763 Ego
2048 709 2142 747 ve.

473 809 540 846 ro
571 790 850 862 postquam
876 786 1069 856 saepius
1100 777 1471 835 intellexissem
1505 793 1573 830 ex
1601 775 1757 831 Patre
1782 773 2046 832 summum
2073 794 2136 832 v-

471 877 583 933 sum
613 913 626 943 ,
664 890 818 948 quem
847 872 1036 926 habeat
1062 866 1385 936 principium
1411 861 1828 919 conseruationis
1855 863 2045 919 virium
2066 865 2142 919 vi.

473 979 657 1017 varum
688 976 786 1031 pro
825 954 1040 1010 infinitis
1079 952 1433 1024 problematis
1480 948 2144 1021 Phyfico-Mathematicis

469 1047 755 1114 soluendis,
799 1060 929 1115 quie
952 1040 1076 1095 alias
1102 1057 1204 1110 pro
1234 1037 1385 1092 valde
1424 1036 1815 1105 difficilibus,ne
1841 1038 2020 1093 dicam
2045 1038 2136 1092 de-

468 1134 704 1207 speratis,
730 1128 971 1186 habenda
991 1124 1181 1191 essent,
1229 1137 1462 1178 mentem
1488 1123 1664 1193 subiit,
1712 1140 1843 1177 num
1872 1139 1980 1177 non
2001 1123 2143 1177 idem

475 1220 803 1296 principium
819 1233 923 1286 pro
949 1212 1178 1270 eruenda
1205 1210 1415 1264 theoria
1444 1227 1690 1282 aquarum
1723 1210 1999 1264 fluentium
2044 1227 2144 1282 per

475 1308 638 1363 tubos
673 1316 952 1373 tantopere
990 1298 1277 1351 desiderata
1310 1293 1547 1348 inseruire
1566 1294 1756 1367 possit,
1794 1311 1958 1366 neque
1986 1312 2146 1349 euen-

477 1408 560 1449 tus
585 1391 729 1464 spem
754 1404 932 1444 meam
969 1382 1167 1441 fefellit.
1253 1380 1474 1438 Verum
1508 1394 1569 1436 vt
1602 1383 1708 1436 iam
1737 1381 1903 1453 paulo
1929 1382 2146 1455 propius

478 1480 545 1535 ad
567 1496 679 1534 rem
703 1474 866 1546 ipsam
896 1471 1170 1537 accedam,
1204 1469 1384 1524 dicam
1411 1481 1525 1521 ante
1554 1468 1764 1534 omnia,
1800 1469 1924 1538 quid
1946 1485 2042 1536 per
2066 1469 2146 1522 vi—

475 1583 562 1621 res
601 1565 743 1618 viuas
782 1574 1069 1629 earumque
1100 1568 1412 1628 perpetuam
1450 1554 1908 1609 conseruationem
1957 1552 2148 1606 intelli-

478 1652 715 1727 gendum
741 1648 800 1702 fit
835 1667 851 1716 ·,
878 1645 1082 1701 Dicitur
1106 1644 1277 1715 itaque
1306 1643 1385 1695 vis
1411 1641 1522 1695 viua
1552 1683 1567 1710 ‚
1601 1657 1729 1712 quae
1755 1639 1884 1693 inest
1920 1640 2147 1710 corpori

474 1751 635 1797 moto
662 1748 814 1807 atque
838 1731 1162 1787 mensuratur
1190 1747 1257 1784 ex
1285 1726 1571 1800 producto·
1588 1725 1884 1781 velocitatis
1914 1724 2150 1795 quadrati

469 1828 520 1883 in
556 1822 804 1894 corporis
842 1819 1060 1875 massam
1097 1839 1108 1873 ε
1159 1817 1196 1871 fi
1224 1816 1366 1887 plura
1399 1831 1632 1886 corpora
1661 1824 2021 1880 moueantur,
2063 1812 2147 1867 vis

475 1913 656 1969 totalis
671 1909 754 1963 seu
777 1906 1031 1980 quantitas
1059 1905 1256 1959 virium
1279 1903 1375 1957 erit
1400 1901 1722 1957 aestimanda
1759 1917 1827 1954 ex
1852 1911 2144 1970 aggregato

481 1999 723 2054 omnium
742 1994 1131 2065 productorum
1145 1990 1317 2046 modo
1343 1989 1705 2044 definitorum.
1792 1985 2144 2042 Demonstra-

476 2087 547 2140 uit
580 2096 750 2137 autem
784 2075 1063 2146 Hugenius
1091 2078 1207 2146 post
1256 2093 1481 2145 eumque
1505 2073 1664 2129 multi
1701 2073 1778 2127 alii
1803 2070 1908 2127 effe
1931 2072 2033 2126 hoc
2055 2087 2144 2144 :ig-

483 2181 757 2245 gregatum
803 2163 1046 2216 constans
1088 2160 1576 2233 quomodocunque
1618 2156 1665 2210 se
1699 2159 1925 2214 inuicem
1947 2174 2138 2230 percu-

479 2260 611 2313 tiant
646 2251 750 2326 ipsa
785 2265 1021 2320 corpora
1049 2290 1062 2316 ,
1117 2247 1292 2313 modo
1338 2245 1431 2300 sint
1463 2242 1698 2315 perfecte
1741 2243 1946 2297 elastica
1990 2258 2144 2316 atque

479 2345 534 2399 in
563 2356 730 2398 vacuo
749 2351 902 2394 mota
929 2335 1318 2404 concipiantur.
1405 2330 1797 2387 Conseruantur
1830 2345 1961 2399 ergo
1988 2332 2146 2387 etiam

485 2431 620 2484 vires
648 2428 799 2482 vinae
819 2427 867 2478 in
896 2419 1216 2492 corporibus
1243 2419 1479 2475 elasticiS.
1564 2417 1716 2473 Pono
1747 2430 1921 2472 autem
1949 2434 2142 2490 corpu.

477 2514 611 2570 scuia
631 2512 847 2568 minima
875 2508 1098 2563 fluidum
1125 2506 1340 2577 aliquod
1370 2505 1740 2575 componentia
1768 2502 1872 2558 effe
1910 2504 2142 2572 perfecte

489 2602 692 2656 elastica
734 2617 752 2666 3
794 2595 880 2648 nisi
910 2594 1050 2648 enim
1079 2593 1234 2648 effent
1256 2591 1526 2647 duriffima
1550 2590 1850 2660 summaque
1890 2588 2152 2645 elasticita-

484 2700 535 2743 te
562 2684 786 2758 proinde
815 2679 1047 2751 praedita
1079 2722 1093 2748 ,
1159 2676 1367 2742 poffent
1392 2678 1607 2733 viterius
1632 2675 1896 2730 subdiuidi.
1984 2675 2148 2733 Hisce

484 2768 828 2849 praemonitis
853 2765 1183 2823 manifestum
1205 2762 1406 2821 factum
1427 2765 1500 2820 est
1540 2806 1553 2834 ,
1630 2763 1757 2837 quid
1796 2762 1910 2818 fieri
1945 2763 2151 2832 debeat,

1992 2867 2149 2922 quan·
