<?xml version="1.0" encoding="UTF-8"?>
<!DOCTYPE html PUBLIC "-//W3C//DTD XHTML 1.0 Transitional//EN"
    "http://www.w3.org/TR/xhtml1/DTD/xhtml1-transitional.dtd">
<html xmlns="http://www.w3.org/1999/xhtml" xml:lang="en" lang="en">
 <head>
  <title>
</title>
<meta http-equiv="Content-Type" content="text/html;charset=utf-8" />
  <meta name='ocr-system' content='tesseract 3.04.00' />
  <meta name='ocr-capabilities' content='ocr_page ocr_carea ocr_par ocr_line ocrx_word'/>
</head>
<body>
  <div class='ocr_page' id='page_1' title='image "./commentariiacade02impe_0290.png"; bbox 0 0 2393 3590; ppageno 0'>
   <div class='ocr_carea' id='block_1_1' title="bbox 290 2148 563 2289">
    <p class='ocr_par' dir='ltr' id='par_1_1' title="bbox 290 2148 563 2289">
     <span class='ocr_line' id='line_1_1' title="bbox 290 2148 555 2224; baseline -0.008 -16"><span class='ocrx_word' id='word_1_1' title='bbox 290 2148 555 2224; x_wconf 74' lang='lat' dir='ltr'><strong>Phaen.43.</strong></span> 
     </span>
     <span class='ocr_line' id='line_1_2' title="bbox 299 2230 563 2289; baseline -0.019 -10"><span class='ocrx_word' id='word_1_2' title='bbox 299 2233 402 2289; x_wconf 68' lang='lat' dir='ltr'><strong>Fig.</strong></span> <span class='ocrx_word' id='word_1_3' title='bbox 438 2230 563 2277; x_wconf 81' lang='lat' dir='ltr'><strong><em>XII·</em></strong></span> 
     </span>
    </p>
   </div>
   <div class='ocr_carea' id='block_1_2' title="bbox 586 100 1688 191">
    <p class='ocr_par' dir='ltr' id='par_1_2' title="bbox 586 100 1688 191">
     <span class='ocr_line' id='line_1_3' title="bbox 586 100 1688 191; baseline -0.009 -13"><span class='ocrx_word' id='word_1_4' title='bbox 586 108 714 191; x_wconf 81' lang='lat'><strong>278</strong></span> <span class='ocrx_word' id='word_1_5' title='bbox 1127 102 1243 166; x_wconf 87' lang='lat' dir='ltr'><strong>DE</strong></span> <span class='ocrx_word' id='word_1_6' title='bbox 1329 101 1444 167; x_wconf 86' lang='lat' dir='ltr'><strong>TV</strong></span> <span class='ocrx_word' id='word_1_7' title='bbox 1443 100 1688 168; x_wconf 82' lang='lat' dir='ltr'><strong><em>BVLIS</em></strong></span> 
     </span>
    </p>
   </div>
   <div class='ocr_carea' id='block_1_3' title="bbox 588 258 2261 2817">
    <p class='ocr_par' dir='ltr' id='par_1_3' title="bbox 592 258 2251 512">
     <span class='ocr_line' id='line_1_4' title="bbox 592 258 2251 340; baseline 0.001 -14"><span class='ocrx_word' id='word_1_8' title='bbox 592 285 624 326; x_wconf 86' lang='lat' dir='ltr'><strong>a</strong></span> <span class='ocrx_word' id='word_1_9' title='bbox 650 262 931 326; x_wconf 90' lang='lat' dir='ltr'><strong>mercurio.</strong></span> <span class='ocrx_word' id='word_1_10' title='bbox 1045 258 1228 340; x_wconf 86' lang='lat' dir='ltr'><strong>Itaque</strong></span> <span class='ocrx_word' id='word_1_11' title='bbox 1263 260 1410 337; x_wconf 86' lang='lat' dir='ltr'><strong>supra</strong></span> <span class='ocrx_word' id='word_1_12' title='bbox 1431 262 1665 320; x_wconf 75' lang='lat' dir='ltr'>libellam</span> <span class='ocrx_word' id='word_1_13' title='bbox 1695 259 1890 319; x_wconf 88' lang='lat' dir='ltr'><strong>eleuari</strong></span> <span class='ocrx_word' id='word_1_14' title='bbox 1917 260 1982 319; x_wconf 90' lang='lat' dir='ltr'><strong>ab</strong></span> <span class='ocrx_word' id='word_1_15' title='bbox 2008 263 2105 322; x_wconf 83' lang='lat' dir='ltr'><strong>hac</strong></span> <span class='ocrx_word' id='word_1_16' title='bbox 2119 264 2251 327; x_wconf 75' lang='lat' dir='ltr'><strong>vitri</strong></span> 
     </span>
     <span class='ocr_line' id='line_1_5' title="bbox 592 350 2248 425; baseline -0.004 -14"><span class='ocrx_word' id='word_1_17' title='bbox 592 357 780 411; x_wconf 80' lang='lat' dir='ltr'><strong>virtute</strong></span> <span class='ocrx_word' id='word_1_18' title='bbox 807 370 992 425; x_wconf 84' lang='lat' dir='ltr'><strong>aquam</strong></span> <span class='ocrx_word' id='word_1_19' title='bbox 1014 371 1032 422; x_wconf 90' lang='lat'><strong>·‚</strong></span> <span class='ocrx_word' id='word_1_20' title='bbox 1053 366 1103 408; x_wconf 94' lang='lat' dir='ltr'><strong>et</strong></span> <span class='ocrx_word' id='word_1_21' title='bbox 1126 350 1454 409; x_wconf 80' lang='lat' dir='ltr'>mercurium</span> <span class='ocrx_word' id='word_1_22' title='bbox 1477 350 1748 404; x_wconf 80' lang='lat' dir='ltr'>renitentia</span> <span class='ocrx_word' id='word_1_23' title='bbox 1774 350 1852 405; x_wconf 90' lang='lat' dir='ltr'><strong>sua</strong></span> <span class='ocrx_word' id='word_1_24' title='bbox 1875 350 2112 411; x_wconf 86' lang='lat' dir='ltr'><strong>obstante</strong></span> <span class='ocrx_word' id='word_1_25' title='bbox 2124 372 2248 412; x_wconf 86' lang='lat' dir='ltr'><strong>con.</strong></span> 
     </span>
     <span class='ocr_line' id='line_1_6' title="bbox 596 432 2114 512; baseline -0.002 -14"><span class='ocrx_word' id='word_1_26' title='bbox 596 442 772 498; x_wconf 84' lang='lat' dir='ltr'><strong>sistere</strong></span> <span class='ocrx_word' id='word_1_27' title='bbox 791 438 920 495; x_wconf 88' lang='lat' dir='ltr'><strong>infra</strong></span> <span class='ocrx_word' id='word_1_28' title='bbox 943 439 1191 509; x_wconf 83' lang='lat' dir='ltr'><strong>libellam,</strong></span> <span class='ocrx_word' id='word_1_29' title='bbox 1214 439 1426 512; x_wconf 88' lang='lat' dir='ltr'><strong>quando</strong></span> <span class='ocrx_word' id='word_1_30' title='bbox 1448 434 1645 490; x_wconf 87' lang='lat' dir='ltr'><strong>fistulae</strong></span> <span class='ocrx_word' id='word_1_31' title='bbox 1666 432 1777 488; x_wconf 89' lang='lat' dir='ltr'><strong>sunt</strong></span> <span class='ocrx_word' id='word_1_32' title='bbox 1802 437 2114 502; x_wconf 79' lang='lat' dir='ltr'><strong>graciliores,</strong></span> 
     </span>
    </p>

    <p class='ocr_par' dir='ltr' id='par_1_4' title="bbox 588 519 2261 1984">
     <span class='ocr_line' id='line_1_7' title="bbox 750 519 2246 596; baseline -0.004 -16"><span class='ocrx_word' id='word_1_33' title='bbox 750 523 945 586; x_wconf 90' lang='lat' dir='ltr'><strong>XLV.</strong></span> <span class='ocrx_word' id='word_1_34' title='bbox 1029 524 1264 594; x_wconf 82' lang='lat' dir='ltr'><strong>Primus,</strong></span> <span class='ocrx_word' id='word_1_35' title='bbox 1309 524 1399 596; x_wconf 89' lang='lat' dir='ltr'><strong>qui</strong></span> <span class='ocrx_word' id='word_1_36' title='bbox 1425 520 1801 576; x_wconf 70' lang='lat' dir='ltr'><strong>attraCtionem</strong></span> <span class='ocrx_word' id='word_1_37' title='bbox 1828 519 1979 576; x_wconf 82' lang='lat' dir='ltr'><strong>istam</strong></span> <span class='ocrx_word' id='word_1_38' title='bbox 2015 527 2069 581; x_wconf 93' lang='lat' dir='ltr'><strong>in</strong></span> <span class='ocrx_word' id='word_1_39' title='bbox 2092 526 2246 582; x_wconf 81' lang='lat' dir='ltr'><strong>subfi-</strong></span> 
     </span>
     <span class='ocr_line' id='line_1_8' title="bbox 593 603 2250 681; baseline -0.001 -13"><span class='ocrx_word' id='word_1_40' title='bbox 593 612 742 669; x_wconf 90' lang='lat' dir='ltr'><strong>dium</strong></span> <span class='ocrx_word' id='word_1_41' title='bbox 773 614 879 669; x_wconf 89' lang='lat' dir='ltr'><strong>hoc</strong></span> <span class='ocrx_word' id='word_1_42' title='bbox 913 614 1042 667; x_wconf 92' lang='lat' dir='ltr'><strong>loco</strong></span> <span class='ocrx_word' id='word_1_43' title='bbox 1081 612 1331 679; x_wconf 64' lang='lat' dir='ltr'><strong>vomuit,</strong></span> <span class='ocrx_word' id='word_1_44' title='bbox 1365 607 1507 681; x_wconf 90' lang='lat' dir='ltr'><strong>quod</strong></span> <span class='ocrx_word' id='word_1_45' title='bbox 1546 622 1651 681; x_wconf 89' lang='lat' dir='ltr'><strong>ego</strong></span> <span class='ocrx_word' id='word_1_46' title='bbox 1682 606 1846 662; x_wconf 89' lang='lat' dir='ltr'><strong>sciam</strong></span> <span class='ocrx_word' id='word_1_47' title='bbox 1868 648 1888 675; x_wconf 81' lang='lat'>‚</span> <span class='ocrx_word' id='word_1_48' title='bbox 1922 603 2250 669; x_wconf 76' lang='lat' dir='ltr'><strong>Hauksbeius</strong></span> 
     </span>
     <span class='ocr_line' id='line_1_9' title="bbox 590 692 2252 773; baseline -0.004 -19"><span class='ocrx_word' id='word_1_49' title='bbox 590 702 682 755; x_wconf 86' lang='lat' dir='ltr'><strong>est.</strong></span> <span class='ocrx_word' id='word_1_50' title='bbox 793 693 1072 773; x_wconf 89' lang='lat' dir='ltr'><strong>Opinatur</strong></span> <span class='ocrx_word' id='word_1_51' title='bbox 1139 713 1294 764; x_wconf 73' lang='lat' dir='ltr'><strong>vet-0,</strong></span> <span class='ocrx_word' id='word_1_52' title='bbox 1350 708 1521 750; x_wconf 87' lang='lat' dir='ltr'><strong>totam</strong></span> <span class='ocrx_word' id='word_1_53' title='bbox 1554 692 1716 748; x_wconf 89' lang='lat' dir='ltr'><strong>tubuli</strong></span> <span class='ocrx_word' id='word_1_54' title='bbox 1773 694 2034 750; x_wconf 88' lang='lat' dir='ltr'><strong>internam</strong></span> <span class='ocrx_word' id='word_1_55' title='bbox 2076 697 2252 771; x_wconf 82' lang='lat' dir='ltr'><strong>super.</strong></span> 
     </span>
     <span class='ocr_line' id='line_1_10' title="bbox 589 778 2252 857; baseline -0.005 -16"><span class='ocrx_word' id='word_1_56' title='bbox 589 787 774 847; x_wconf 87' lang='lat' dir='ltr'><strong>ficiem</strong></span> <span class='ocrx_word' id='word_1_57' title='bbox 791 802 951 857; x_wconf 89' lang='lat' dir='ltr'><strong>aquae</strong></span> <span class='ocrx_word' id='word_1_58' title='bbox 974 784 1281 857; x_wconf 82' lang='lat' dir='ltr'><strong>contiguam</strong></span> <span class='ocrx_word' id='word_1_59' title='bbox 1303 780 1514 838; x_wconf 88' lang='lat' dir='ltr'><strong>trahere</strong></span> <span class='ocrx_word' id='word_1_60' title='bbox 1537 796 1747 852; x_wconf 80' lang='lat' dir='ltr'><strong>aquam.</strong></span> <span class='ocrx_word' id='word_1_61' title='bbox 1837 778 1901 835; x_wconf 94' lang='lat' dir='ltr'><strong>Id</strong></span> <span class='ocrx_word' id='word_1_62' title='bbox 1923 785 2252 856; x_wconf 72' lang='lat' dir='ltr'><strong>experimen⁴</strong></span> 
     </span>
     <span class='ocr_line' id='line_1_11' title="bbox 589 866 2245 939; baseline -0.001 -13"><span class='ocrx_word' id='word_1_63' title='bbox 589 875 661 926; x_wconf 90' lang='lat' dir='ltr'><strong>tis</strong></span> <span class='ocrx_word' id='word_1_64' title='bbox 689 874 857 926; x_wconf 87' lang='lat' dir='ltr'><strong>minus</strong></span> <span class='ocrx_word' id='word_1_65' title='bbox 903 871 1190 927; x_wconf 86' lang='lat' dir='ltr'><strong>conuenire</strong></span> <span class='ocrx_word' id='word_1_66' title='bbox 1228 911 1244 939; x_wconf 88' lang='lat'>‚</span> <span class='ocrx_word' id='word_1_67' title='bbox 1284 869 1404 924; x_wconf 87' lang='lat' dir='ltr'><strong>ciuis</strong></span> <span class='ocrx_word' id='word_1_68' title='bbox 1422 870 1552 936; x_wconf 67' lang='lat' dir='ltr'><strong>eiua,</strong></span> <span class='ocrx_word' id='word_1_69' title='bbox 1582 866 1686 922; x_wconf 89' lang='lat' dir='ltr'><strong>Iac.</strong></span> <span class='ocrx_word' id='word_1_70' title='bbox 1711 866 1931 924; x_wconf 87' lang='lat' dir='ltr'><strong>Iurinius</strong></span> <span class='ocrx_word' id='word_1_71' title='bbox 1957 871 2245 928; x_wconf 86' lang='lat' dir='ltr'><strong>admonuit.</strong></span> 
     </span>
     <span class='ocr_line' id='line_1_12' title="bbox 590 952 2252 1032; baseline -0.002 -16"><span class='ocrx_word' id='word_1_72' title='bbox 590 955 872 1029; x_wconf 82' lang='lat' dir='ltr'><strong>Nimirum</strong></span> <span class='ocrx_word' id='word_1_73' title='bbox 902 971 1128 1032; x_wconf 88' lang='lat' dir='ltr'><strong>propter</strong></span> <span class='ocrx_word' id='word_1_74' title='bbox 1168 955 1358 1029; x_wconf 87' lang='lat' dir='ltr'><strong>phaen.</strong></span> <span class='ocrx_word' id='word_1_75' title='bbox 1377 952 1634 1024; x_wconf 74' lang='lat'>12.§.13.</span> <span class='ocrx_word' id='word_1_76' title='bbox 1657 966 1710 1009; x_wconf 90' lang='lat' dir='ltr'><strong>et</strong></span> <span class='ocrx_word' id='word_1_77' title='bbox 1728 966 1817 1025; x_wconf 79' lang='lat'><strong>30.</strong></span> <span class='ocrx_word' id='word_1_78' title='bbox 1832 953 2139 1031; x_wconf 90' lang='lat' dir='ltr'><strong>superficies</strong></span> <span class='ocrx_word' id='word_1_79' title='bbox 2180 960 2252 1013; x_wconf 89' lang='lat' dir='ltr'><strong>in-</strong></span> 
     </span>
     <span class='ocr_line' id='line_1_13' title="bbox 590 1039 2254 1118; baseline 0.001 -20"><span class='ocrx_word' id='word_1_80' title='bbox 590 1055 739 1099; x_wconf 86' lang='lat' dir='ltr'><strong>terna</strong></span> <span class='ocrx_word' id='word_1_81' title='bbox 768 1043 1049 1112; x_wconf 89' lang='lat' dir='ltr'><strong>tuborum,</strong></span> <span class='ocrx_word' id='word_1_82' title='bbox 1099 1061 1260 1116; x_wconf 89' lang='lat' dir='ltr'><strong>aquae</strong></span> <span class='ocrx_word' id='word_1_83' title='bbox 1291 1041 1428 1097; x_wconf 83' lang='lat' dir='ltr'><strong>vltra</strong></span> <span class='ocrx_word' id='word_1_84' title='bbox 1463 1039 1698 1095; x_wconf 86' lang='lat' dir='ltr'><strong>libellam</strong></span> <span class='ocrx_word' id='word_1_85' title='bbox 1735 1040 1969 1099; x_wconf 88' lang='lat' dir='ltr'><strong>eleuatae</strong></span> <span class='ocrx_word' id='word_1_86' title='bbox 1996 1046 2254 1118; x_wconf 86' lang='lat' dir='ltr'><strong>contigua,</strong></span> 
     </span>
     <span class='ocr_line' id='line_1_14' title="bbox 592 1126 2261 1197; baseline 0 -11"><span class='ocrx_word' id='word_1_87' title='bbox 592 1133 781 1186; x_wconf 90' lang='lat' dir='ltr'><strong>eadem</strong></span> <span class='ocrx_word' id='word_1_88' title='bbox 800 1132 942 1186; x_wconf 87' lang='lat' dir='ltr'><strong>estin</strong></span> <span class='ocrx_word' id='word_1_89' title='bbox 971 1132 1121 1183; x_wconf 90' lang='lat' dir='ltr'><strong>omni</strong></span> <span class='ocrx_word' id='word_1_90' title='bbox 1147 1128 1277 1184; x_wconf 91' lang='lat' dir='ltr'><strong>tubo</strong></span> <span class='ocrx_word' id='word_1_91' title='bbox 1308 1164 1324 1196; x_wconf 86' lang='lat'>‚</span> <span class='ocrx_word' id='word_1_92' title='bbox 1375 1127 1666 1197; x_wconf 91' lang='lat' dir='ltr'><strong>eademque</strong></span> <span class='ocrx_word' id='word_1_93' title='bbox 1697 1126 2039 1188; x_wconf 87' lang='lat' dir='ltr'><strong>fauorabilius</strong></span> <span class='ocrx_word' id='word_1_94' title='bbox 2072 1132 2261 1186; x_wconf 88' lang='lat' dir='ltr'><strong>consti.</strong></span> 
     </span>
     <span class='ocr_line' id='line_1_15' title="bbox 588 1212 2257 1290; baseline -0.005 -18"><span class='ocrx_word' id='word_1_95' title='bbox 588 1229 699 1273; x_wconf 90' lang='lat' dir='ltr'><strong>tuta</strong></span> <span class='ocrx_word' id='word_1_96' title='bbox 728 1218 780 1271; x_wconf 91' lang='lat' dir='ltr'><strong>in</strong></span> <span class='ocrx_word' id='word_1_97' title='bbox 800 1216 1198 1290; x_wconf 84' lang='lat' dir='ltr'><strong>angustioribus,</strong></span> <span class='ocrx_word' id='word_1_98' title='bbox 1231 1214 1478 1285; x_wconf 89' lang='lat' dir='ltr'><strong>quoniam</strong></span> <span class='ocrx_word' id='word_1_99' title='bbox 1501 1212 1684 1266; x_wconf 88' lang='lat' dir='ltr'><strong>minor</strong></span> <span class='ocrx_word' id='word_1_100' title='bbox 1710 1212 1785 1264; x_wconf 90' lang='lat' dir='ltr'><strong>est</strong></span> <span class='ocrx_word' id='word_1_101' title='bbox 1806 1218 2182 1284; x_wconf 86' lang='lat' dir='ltr'><strong>particularum</strong></span> <span class='ocrx_word' id='word_1_102' title='bbox 2205 1236 2257 1274; x_wconf 87' lang='lat' dir='ltr'><strong>a-</strong></span> 
     </span>
     <span class='ocr_line' id='line_1_16' title="bbox 588 1287 2258 1377; baseline -0.004 -19"><span class='ocrx_word' id='word_1_103' title='bbox 588 1320 724 1377; x_wconf 90' lang='lat' dir='ltr'><strong>quae</strong></span> <span class='ocrx_word' id='word_1_104' title='bbox 751 1305 1039 1359; x_wconf 86' lang='lat' dir='ltr'><strong>mediarum</strong></span> <span class='ocrx_word' id='word_1_105' title='bbox 1070 1300 1300 1355; x_wconf 84' lang='lat' dir='ltr'><strong>distantia</strong></span> <span class='ocrx_word' id='word_1_106' title='bbox 1331 1314 1357 1351; x_wconf 94' lang='lat' dir='ltr'><strong>a</strong></span> <span class='ocrx_word' id='word_1_107' title='bbox 1379 1294 1662 1370; x_wconf 85' lang='lat' dir='ltr'><strong>parietibus</strong></span> <span class='ocrx_word' id='word_1_108' title='bbox 1693 1317 1704 1351; x_wconf 69' lang='grc' dir='ltr'><strong><em>ε</em></strong></span> <span class='ocrx_word' id='word_1_109' title='bbox 1741 1287 1858 1353; x_wconf 90' lang='lat' dir='ltr'><strong>Cur</strong></span> <span class='ocrx_word' id='word_1_110' title='bbox 1878 1303 2038 1375; x_wconf 86' lang='lat' dir='ltr'><strong>igitur</strong></span> <span class='ocrx_word' id='word_1_111' title='bbox 2063 1304 2181 1374; x_wconf 87' lang='lat' dir='ltr'><strong>plus</strong></span> <span class='ocrx_word' id='word_1_112' title='bbox 2208 1321 2258 1359; x_wconf 81' lang='lat' dir='ltr'><strong>a..</strong></span> 
     </span>
     <span class='ocr_line' id='line_1_17' title="bbox 589 1377 2257 1463; baseline -0.005 -18"><span class='ocrx_word' id='word_1_113' title='bbox 589 1407 720 1463; x_wconf 89' lang='lat' dir='ltr'><strong>quae</strong></span> <span class='ocrx_word' id='word_1_114' title='bbox 745 1390 1000 1445; x_wconf 85' lang='lat' dir='ltr'><strong>attollitur</strong></span> <span class='ocrx_word' id='word_1_115' title='bbox 1033 1389 1083 1440; x_wconf 92' lang='lat' dir='ltr'><strong>in</strong></span> <span class='ocrx_word' id='word_1_116' title='bbox 1121 1383 1462 1457; x_wconf 87' lang='lat' dir='ltr'><strong>amplioribus</strong></span> <span class='ocrx_word' id='word_1_117' title='bbox 1500 1377 1522 1434; x_wconf 72' lang='grc' dir='ltr'><em>ἓ</em></span> <span class='ocrx_word' id='word_1_118' title='bbox 1555 1399 1619 1438; x_wconf 81' lang='lat' dir='ltr'><strong>an</strong></span> <span class='ocrx_word' id='word_1_119' title='bbox 1645 1383 1833 1440; x_wconf 91' lang='lat' dir='ltr'><strong>eadem</strong></span> <span class='ocrx_word' id='word_1_120' title='bbox 1861 1387 2028 1444; x_wconf 84' lang='lat' dir='ltr'><strong>cauffa</strong></span> <span class='ocrx_word' id='word_1_121' title='bbox 2050 1390 2257 1446; x_wconf 88' lang='lat' dir='ltr'><strong>fauora.</strong></span> 
     </span>
     <span class='ocr_line' id='line_1_18' title="bbox 591 1467 2257 1547; baseline -0.005 -16"><span class='ocrx_word' id='word_1_122' title='bbox 591 1477 742 1531; x_wconf 82' lang='lat' dir='ltr'><strong>bilius</strong></span> <span class='ocrx_word' id='word_1_123' title='bbox 769 1474 1030 1547; x_wconf 86' lang='lat' dir='ltr'><strong>applicata</strong></span> <span class='ocrx_word' id='word_1_124' title='bbox 1064 1470 1309 1526; x_wconf 63' lang='lat' dir='ltr'><strong>effectum</strong></span> <span class='ocrx_word' id='word_1_125' title='bbox 1353 1467 1609 1544; x_wconf 79' lang='lat' dir='ltr'><strong>producit</strong></span> <span class='ocrx_word' id='word_1_126' title='bbox 1647 1470 1912 1528; x_wconf 88' lang='lat' dir='ltr'><strong>minorem</strong></span> <span class='ocrx_word' id='word_1_127' title='bbox 1936 1514 1950 1541; x_wconf 84' lang='lat'>‚</span> <span class='ocrx_word' id='word_1_128' title='bbox 1987 1489 2138 1544; x_wconf 80' lang='lat' dir='ltr'><strong>quam</strong></span> <span class='ocrx_word' id='word_1_129' title='bbox 2165 1491 2257 1540; x_wconf 74' lang='lat' dir='ltr'><strong>ap-</strong></span> 
     </span>
     <span class='ocr_line' id='line_1_19' title="bbox 591 1552 2260 1636; baseline -0.007 -21"><span class='ocrx_word' id='word_1_130' title='bbox 591 1563 789 1636; x_wconf 82' lang='lat' dir='ltr'><strong>plicata</strong></span> <span class='ocrx_word' id='word_1_131' title='bbox 816 1559 1037 1614; x_wconf 85' lang='lat' dir='ltr'><strong>debilius</strong></span> <span class='ocrx_word' id='word_1_132' title='bbox 1073 1553 1094 1611; x_wconf 70' lang='grc' dir='ltr'>ἓ</span> <span class='ocrx_word' id='word_1_133' title='bbox 1127 1552 1509 1613; x_wconf 85' lang='lat' dir='ltr'><strong>Potuiffethoc</strong></span> <span class='ocrx_word' id='word_1_134' title='bbox 1534 1555 1942 1612; x_wconf 90' lang='lat' dir='ltr'><strong>incommodum</strong></span> <span class='ocrx_word' id='word_1_135' title='bbox 1980 1556 2260 1612; x_wconf 83' lang='lat' dir='ltr'><strong>Hauksbe-</strong></span> 
     </span>
     <span class='ocr_line' id='line_1_20' title="bbox 591 1640 2255 1719; baseline -0.003 -16"><span class='ocrx_word' id='word_1_136' title='bbox 591 1650 667 1703; x_wconf 85' lang='lat' dir='ltr'><strong>ius</strong></span> <span class='ocrx_word' id='word_1_137' title='bbox 686 1647 988 1719; x_wconf 87' lang='lat' dir='ltr'><strong>praeuidere</strong></span> <span class='ocrx_word' id='word_1_138' title='bbox 1014 1681 1029 1712; x_wconf 82' lang='lat'>,</span> <span class='ocrx_word' id='word_1_139' title='bbox 1068 1660 1301 1716; x_wconf 86' lang='lat' dir='ltr'><strong>namque</strong></span> <span class='ocrx_word' id='word_1_140' title='bbox 1327 1657 1379 1698; x_wconf 91' lang='lat' dir='ltr'><strong>et</strong></span> <span class='ocrx_word' id='word_1_141' title='bbox 1404 1640 1513 1715; x_wconf 86' lang='lat' dir='ltr'><strong>ipse</strong></span> <span class='ocrx_word' id='word_1_142' title='bbox 1558 1642 1824 1697; x_wconf 88' lang='lat' dir='ltr'><strong>rationem</strong></span> <span class='ocrx_word' id='word_1_143' title='bbox 1861 1643 2255 1698; x_wconf 88' lang='lat' dir='ltr'><strong>diametrorum</strong></span> 
     </span>
     <span class='ocr_line' id='line_1_21' title="bbox 592 1728 2258 1802; baseline -0.004 -13"><span class='ocrx_word' id='word_1_144' title='bbox 592 1733 852 1790; x_wconf 86' lang='lat' dir='ltr'><strong>inuersam</strong></span> <span class='ocrx_word' id='word_1_145' title='bbox 889 1731 1155 1787; x_wconf 88' lang='lat' dir='ltr'><strong>obseruari</strong></span> <span class='ocrx_word' id='word_1_146' title='bbox 1183 1732 1237 1784; x_wconf 89' lang='lat' dir='ltr'><strong>in</strong></span> <span class='ocrx_word' id='word_1_147' title='bbox 1285 1730 1556 1785; x_wconf 83' lang='lat' dir='ltr'><strong>altitudine</strong></span> <span class='ocrx_word' id='word_1_148' title='bbox 1580 1743 1744 1798; x_wconf 86' lang='lat' dir='ltr'><strong>aquae</strong></span> <span class='ocrx_word' id='word_1_149' title='bbox 1785 1728 2014 1802; x_wconf 75' lang='lat' dir='ltr'><strong>capillati</strong></span> <span class='ocrx_word' id='word_1_150' title='bbox 2039 1740 2258 1784; x_wconf 63' lang='lat' dir='ltr'><strong>annota*</strong></span> 
     </span>
     <span class='ocr_line' id='line_1_22' title="bbox 590 1811 2251 1894; baseline -0.007 -14"><span class='ocrx_word' id='word_1_151' title='bbox 590 1834 754 1880; x_wconf 88' lang='lat' dir='ltr'><strong>uerat.</strong></span> <span class='ocrx_word' id='word_1_152' title='bbox 787 1837 841 1885; x_wconf 83' lang='lat' dir='ltr'><strong>v,</strong></span> <span class='ocrx_word' id='word_1_153' title='bbox 878 1817 1028 1878; x_wconf 87' lang='lat' dir='ltr'><strong>Curs.</strong></span> <span class='ocrx_word' id='word_1_154' title='bbox 1062 1817 1346 1892; x_wconf 86' lang='lat' dir='ltr'><strong>Experim.</strong></span> <span class='ocrx_word' id='word_1_155' title='bbox 1394 1814 1541 1876; x_wconf 85' lang='lat' dir='ltr'><strong>Tab.</strong></span> <span class='ocrx_word' id='word_1_156' title='bbox 1598 1827 1689 1872; x_wconf 81' lang='lat'><strong>10.</strong></span> <span class='ocrx_word' id='word_1_157' title='bbox 1733 1811 2005 1872; x_wconf 87' lang='lat' dir='ltr'><strong>Pneumat.</strong></span> <span class='ocrx_word' id='word_1_158' title='bbox 2048 1814 2140 1885; x_wconf 86' lang='lat' dir='ltr'><strong>fig.</strong></span> <span class='ocrx_word' id='word_1_159' title='bbox 2191 1828 2251 1894; x_wconf 72' lang='lat'><strong>4„</strong></span> 
     </span>
     <span class='ocr_line' id='line_1_23' title="bbox 590 1918 732 1984; baseline 0.028 -18"><span class='ocrx_word' id='word_1_160' title='bbox 590 1921 645 1966; x_wconf 92' lang='lat' dir='ltr'><strong>et</strong></span> <span class='ocrx_word' id='word_1_161' title='bbox 673 1918 732 1984; x_wconf 86' lang='lat'><strong>5.</strong></span> 
     </span>
    </p>

    <p class='ocr_par' dir='ltr' id='par_1_5' title="bbox 595 1985 2253 2154">
     <span class='ocr_line' id='line_1_24' title="bbox 751 1985 2253 2064; baseline -0.006 -12"><span class='ocrx_word' id='word_1_162' title='bbox 751 1992 975 2054; x_wconf 87' lang='lat' dir='ltr'><strong>XLVI.</strong></span> <span class='ocrx_word' id='word_1_163' title='bbox 1062 1989 1284 2055; x_wconf 89' lang='lat' dir='ltr'><strong>Fortius</strong></span> <span class='ocrx_word' id='word_1_164' title='bbox 1302 1991 1474 2050; x_wconf 88' lang='lat' dir='ltr'><strong>adhuc</strong></span> <span class='ocrx_word' id='word_1_165' title='bbox 1498 2000 1865 2064; x_wconf 83' lang='lat' dir='ltr'><strong>argumentum</strong></span> <span class='ocrx_word' id='word_1_166' title='bbox 1881 1988 1954 2045; x_wconf 92' lang='lat' dir='ltr'><strong>est</strong></span> <span class='ocrx_word' id='word_1_167' title='bbox 1969 1986 2056 2042; x_wconf 88' lang='lat' dir='ltr'><strong>sub</strong></span> <span class='ocrx_word' id='word_1_168' title='bbox 2075 1988 2132 2040; x_wconf 87' lang='lat' dir='ltr'><strong>iis</strong></span> <span class='ocrx_word' id='word_1_169' title='bbox 2157 1985 2253 2043; x_wconf 85' lang='lat' dir='ltr'><strong>cir-</strong></span> 
     </span>
     <span class='ocr_line' id='line_1_25' title="bbox 595 2076 1938 2154; baseline -0.01 -14"><span class='ocrx_word' id='word_1_170' title='bbox 595 2081 1213 2154; x_wconf 81' lang='lat' dir='ltr'><strong>circumstantiis,quibus</strong></span> <span class='ocrx_word' id='word_1_171' title='bbox 1233 2083 1283 2136; x_wconf 91' lang='lat' dir='ltr'><strong>id</strong></span> <span class='ocrx_word' id='word_1_172' title='bbox 1307 2080 1536 2137; x_wconf 84' lang='lat' dir='ltr'><strong>Iurinius</strong></span> <span class='ocrx_word' id='word_1_173' title='bbox 1562 2077 1813 2153; x_wconf 84' lang='lat' dir='ltr'><strong>produxit</strong></span> <span class='ocrx_word' id='word_1_174' title='bbox 1836 2076 1869 2129; x_wconf 92' lang='lat'><strong>1.</strong></span> <span class='ocrx_word' id='word_1_175' title='bbox 1894 2092 1938 2128; x_wconf 89' lang='lat' dir='ltr'><strong>c.</strong></span> 
     </span>
    </p>

    <p class='ocr_par' dir='ltr' id='par_1_6' title="bbox 593 2155 2259 2751">
     <span class='ocr_line' id='line_1_26' title="bbox 831 2155 2257 2248; baseline -0.006 -25"><span class='ocrx_word' id='word_1_176' title='bbox 831 2183 934 2248; x_wconf 77' lang='lat'><strong>43.</strong></span> <span class='ocrx_word' id='word_1_177' title='bbox 983 2166 1039 2224; x_wconf 88' lang='lat' dir='ltr'><strong>Si</strong></span> <span class='ocrx_word' id='word_1_178' title='bbox 1066 2168 1221 2222; x_wconf 85' lang='lat' dir='ltr'><strong>tubus</strong></span> <span class='ocrx_word' id='word_1_179' title='bbox 1240 2165 1406 2225; x_wconf 88' lang='lat' dir='ltr'><strong>CDE</strong></span> <span class='ocrx_word' id='word_1_180' title='bbox 1428 2167 1632 2221; x_wconf 87' lang='lat' dir='ltr'><strong>constat</strong></span> <span class='ocrx_word' id='word_1_181' title='bbox 1655 2161 1852 2217; x_wconf 88' lang='lat' dir='ltr'><strong>duabus</strong></span> <span class='ocrx_word' id='word_1_182' title='bbox 1881 2155 2115 2231; x_wconf 89' lang='lat' dir='ltr'><strong>partibus</strong></span> <span class='ocrx_word' id='word_1_183' title='bbox 2149 2175 2257 2214; x_wconf 85' lang='lat' dir='ltr'><strong>am-</strong></span> 
     </span>
     <span class='ocr_line' id='line_1_27' title="bbox 593 2245 2259 2329; baseline -0.007 -16"><span class='ocrx_word' id='word_1_184' title='bbox 593 2257 773 2329; x_wconf 88' lang='lat' dir='ltr'><strong>pliore</strong></span> <span class='ocrx_word' id='word_1_185' title='bbox 794 2269 850 2311; x_wconf 88' lang='lat' dir='ltr'><strong>et</strong></span> <span class='ocrx_word' id='word_1_186' title='bbox 877 2256 1171 2328; x_wconf 83' lang='lat' dir='ltr'><strong>angustiore</strong></span> <span class='ocrx_word' id='word_1_187' title='bbox 1207 2295 1222 2321; x_wconf 84' lang='lat'>‚</span> <span class='ocrx_word' id='word_1_188' title='bbox 1258 2253 1418 2325; x_wconf 81' lang='lat' dir='ltr'><strong>fitque</strong></span> <span class='ocrx_word' id='word_1_189' title='bbox 1454 2250 1700 2311; x_wconf 87' lang='lat' dir='ltr'><strong>altitud0‚</strong></span> <span class='ocrx_word' id='word_1_190' title='bbox 1740 2245 1804 2298; x_wconf 84' lang='lat' dir='ltr'><strong>ad</strong></span> <span class='ocrx_word' id='word_1_191' title='bbox 1837 2261 1996 2316; x_wconf 85' lang='lat' dir='ltr'><strong>quam</strong></span> <span class='ocrx_word' id='word_1_192' title='bbox 2040 2261 2170 2317; x_wconf 86' lang='lat' dir='ltr'><strong>aqua</strong></span> <span class='ocrx_word' id='word_1_193' title='bbox 2204 2248 2259 2301; x_wconf 89' lang='lat' dir='ltr'><strong>in</strong></span> 
     </span>
     <span class='ocr_line' id='line_1_28' title="bbox 594 2330 2258 2411; baseline -0.011 -14"><span class='ocrx_word' id='word_1_194' title='bbox 594 2343 890 2411; x_wconf 84' lang='lat' dir='ltr'><strong>angustiore</strong></span> <span class='ocrx_word' id='word_1_195' title='bbox 910 2341 1215 2411; x_wconf 82' lang='lat' dir='ltr'><strong>cylindrico</strong></span> <span class='ocrx_word' id='word_1_196' title='bbox 1240 2337 1581 2400; x_wconf 86' lang='lat' dir='ltr'><strong>ascenderet,</strong></span> <span class='ocrx_word' id='word_1_197' title='bbox 1623 2330 1852 2402; x_wconf 84' lang='lat' dir='ltr'><strong>aequalis</strong></span> <span class='ocrx_word' id='word_1_198' title='bbox 1885 2331 2140 2387; x_wconf 89' lang='lat' dir='ltr'><strong>altitudini</strong></span> <span class='ocrx_word' id='word_1_199' title='bbox 2176 2344 2258 2388; x_wconf 88' lang='lat' dir='ltr'><strong>to-</strong></span> 
     </span>
     <span class='ocr_line' id='line_1_29' title="bbox 594 2417 2257 2495; baseline -0.006 -15"><span class='ocrx_word' id='word_1_200' title='bbox 594 2430 693 2480; x_wconf 76' lang='lat' dir='ltr'><strong>tius</strong></span> <span class='ocrx_word' id='word_1_201' title='bbox 718 2426 833 2479; x_wconf 87' lang='lat' dir='ltr'><strong>tubi</strong></span> <span class='ocrx_word' id='word_1_202' title='bbox 858 2444 873 2495; x_wconf 76' lang='lat'>3</span> <span class='ocrx_word' id='word_1_203' title='bbox 904 2425 1121 2478; x_wconf 86' lang='lat' dir='ltr'><strong>altitudo</strong></span> <span class='ocrx_word' id='word_1_204' title='bbox 1148 2438 1283 2475; x_wconf 84' lang='lat' dir='ltr'><strong>vero</strong></span> <span class='ocrx_word' id='word_1_205' title='bbox 1302 2462 1317 2488; x_wconf 82' lang='lat'><strong>‚</strong></span> <span class='ocrx_word' id='word_1_206' title='bbox 1353 2420 1418 2474; x_wconf 86' lang='lat' dir='ltr'><strong>ad</strong></span> <span class='ocrx_word' id='word_1_207' title='bbox 1439 2435 1594 2490; x_wconf 86' lang='lat' dir='ltr'><strong>quam</strong></span> <span class='ocrx_word' id='word_1_208' title='bbox 1617 2420 1665 2471; x_wconf 86' lang='lat' dir='ltr'><strong>in</strong></span> <span class='ocrx_word' id='word_1_209' title='bbox 1702 2417 1966 2489; x_wconf 79' lang='lat' dir='ltr'><strong>ampliore</strong></span> <span class='ocrx_word' id='word_1_210' title='bbox 2001 2417 2257 2487; x_wconf 87' lang='lat' dir='ltr'><strong>cylindri-</strong></span> 
     </span>
     <span class='ocr_line' id='line_1_30' title="bbox 598 2503 2256 2576; baseline -0.004 -11"><span class='ocrx_word' id='word_1_211' title='bbox 598 2527 667 2565; x_wconf 87' lang='lat' dir='ltr'><strong>co</strong></span> <span class='ocrx_word' id='word_1_212' title='bbox 695 2505 1232 2576; x_wconf 82' lang='lat' dir='ltr'><strong>eleuaretur,nonnihil</strong></span> <span class='ocrx_word' id='word_1_213' title='bbox 1263 2506 1437 2560; x_wconf 88' lang='lat' dir='ltr'><strong>maior</strong></span> <span class='ocrx_word' id='word_1_214' title='bbox 1462 2504 1729 2559; x_wconf 82' lang='lat' dir='ltr'><strong>altitudine</strong></span> <span class='ocrx_word' id='word_1_215' title='bbox 1763 2506 1922 2575; x_wconf 85' lang='lat' dir='ltr'><strong>partis</strong></span> <span class='ocrx_word' id='word_1_216' title='bbox 1954 2503 2256 2575; x_wconf 84' lang='lat' dir='ltr'><strong>angustioris</strong></span> 
     </span>
     <span class='ocr_line' id='line_1_31' title="bbox 601 2589 2254 2663; baseline -0.004 -11"><span class='ocrx_word' id='word_1_217' title='bbox 601 2599 656 2652; x_wconf 89' lang='lat' dir='ltr'><strong>in</strong></span> <span class='ocrx_word' id='word_1_218' title='bbox 683 2594 813 2650; x_wconf 90' lang='lat' dir='ltr'><strong>tubo</strong></span> <span class='ocrx_word' id='word_1_219' title='bbox 846 2593 954 2650; x_wconf 89' lang='lat' dir='ltr'><strong>DE</strong></span> <span class='ocrx_word' id='word_1_220' title='bbox 985 2609 996 2641; x_wconf 78' lang='lat' dir='ltr'><strong>t</strong></span> <span class='ocrx_word' id='word_1_221' title='bbox 1032 2590 1323 2663; x_wconf 84' lang='lat' dir='ltr'><strong>Repleatur</strong></span> <span class='ocrx_word' id='word_1_222' title='bbox 1355 2589 1508 2646; x_wconf 85' lang='lat' dir='ltr'><strong>tubus</strong></span> <span class='ocrx_word' id='word_1_223' title='bbox 1546 2606 1674 2661; x_wconf 82' lang='lat' dir='ltr'><strong>aqua</strong></span> <span class='ocrx_word' id='word_1_224' title='bbox 1700 2630 1715 2655; x_wconf 82' lang='grc'><em>,</em></span> <span class='ocrx_word' id='word_1_225' title='bbox 1766 2602 1816 2643; x_wconf 88' lang='lat' dir='ltr'><strong>et</strong></span> <span class='ocrx_word' id='word_1_226' title='bbox 1836 2601 2104 2658; x_wconf 86' lang='lat' dir='ltr'><strong>mergatur</strong></span> <span class='ocrx_word' id='word_1_227' title='bbox 2133 2606 2254 2661; x_wconf 84' lang='lat' dir='ltr'><strong>pars</strong></span> 
     </span>
     <span class='ocr_line' id='line_1_32' title="bbox 609 2674 2255 2751; baseline -0.004 -13"><span class='ocrx_word' id='word_1_228' title='bbox 609 2680 875 2751; x_wconf 78' lang='lat' dir='ltr'><strong>angustior</strong></span> <span class='ocrx_word' id='word_1_229' title='bbox 901 2679 994 2736; x_wconf 91' lang='lat' dir='ltr'><strong>sub</strong></span> <span class='ocrx_word' id='word_1_230' title='bbox 1031 2693 1221 2750; x_wconf 86' lang='lat' dir='ltr'><strong>aquam</strong></span> <span class='ocrx_word' id='word_1_231' title='bbox 1245 2719 1260 2746; x_wconf 91' lang='lat'>,</span> <span class='ocrx_word' id='word_1_232' title='bbox 1295 2677 1452 2732; x_wconf 82' lang='lat' dir='ltr'><strong>cadet</strong></span> <span class='ocrx_word' id='word_1_233' title='bbox 1471 2694 1600 2751; x_wconf 86' lang='lat' dir='ltr'><strong>aqua</strong></span> <span class='ocrx_word' id='word_1_234' title='bbox 1623 2674 1760 2730; x_wconf 87' lang='lat' dir='ltr'><strong>tubo</strong></span> <span class='ocrx_word' id='word_1_235' title='bbox 1780 2675 1972 2730; x_wconf 85' lang='lat' dir='ltr'><strong>inclusa</strong></span> <span class='ocrx_word' id='word_1_236' title='bbox 2004 2692 2164 2747; x_wconf 86' lang='lat' dir='ltr'><strong>vsque</strong></span> <span class='ocrx_word' id='word_1_237' title='bbox 2190 2676 2255 2732; x_wconf 86' lang='lat' dir='ltr'><strong>ad</strong></span> 
     </span>
    </p>

    <p class='ocr_par' dir='ltr' id='par_1_7' title="bbox 2133 2777 2255 2817">
     <span class='ocr_line' id='line_1_33' title="bbox 2133 2777 2255 2817; baseline 0.008 -2"><span class='ocrx_word' id='word_1_238' title='bbox 2133 2777 2255 2817; x_wconf 84' lang='lat' dir='ltr'><strong>eam</strong></span> 
     </span>
    </p>
   </div>
  </div>
 </body>
</html>
