2393 3590
563 224 684 292 502
1008 199 1366 267 OBSERVA
1379 200 1694 265 TIONES

694 356 824 419 Sunt
857 361 946 418 hic
979 377 1188 416 errores
1219 359 1299 430 qui
1336 354 1593 410 differunt
1623 359 1757 412 inter
1786 358 1835 414 se
1862 395 1876 426 ‚
1915 355 1994 429 qui
2028 369 2206 418 tamen

553 450 768 506 differre
796 468 902 504 non
929 447 1213 511 debebant,
1258 459 1380 497 cum
1406 455 1590 497 notum
1614 443 1674 498 sit
1700 460 1768 497 ex
1796 446 2067 515 prioribus
2097 447 2202 501 ob-

552 536 924 593 servationibus
953 533 1297 606 quadrantem
1320 542 1436 583 tum
1464 528 1797 585 immutatum
1818 532 2065 587 maniiffe.
2084 534 2205 592 Ve-

552 641 674 680 rum
712 623 948 675 maxima
987 620 1174 674 harum
1209 613 1622 670 differentiarum
1658 635 1779 688 pars
1805 619 2049 689 provenit
2072 638 2102 674 a
2124 636 2214 675 va.

550 708 854 765 riationibus
889 742 902 772 ‚
939 706 1152 778 quibu5‚
1193 706 1263 756 uti
1281 715 1469 756 notum
1492 704 1585 772 est,
1621 705 1885 760 obnoxiae
1911 698 2021 759 sunt
2044 703 2203 760 refra-

549 799 747 854 &iones
785 792 1148 847 horizontales
1188 825 1203 857 ‚
1249 801 1300 842 et
1346 804 1475 860 quae
1518 789 1780 847 horizonti
1825 791 1936 846 sunt
1980 793 2210 848 vicinae.

554 880 690 940 Non
739 880 956 934 multum
1009 890 1184 933 autem
1235 875 1534 931 errabitursi
1563 879 1803 933 medium
1829 896 2017 934 eorum
2047 878 2201 935 arith-

551 967 809 1022 meticum
834 965 1072 1020 sumatur.

703 1050 814 1107 Pro
831 1053 1003 1123 prima
1025 1052 1186 1125 igitur
1207 1049 1636 1107 observationum
1666 1050 1822 1121 serie,
1870 1049 1979 1105 hoc
2004 1050 2077 1106 est
2110 1067 2216 1123 pro

553 1138 616 1193 iis
639 1173 651 1205 ,
691 1154 826 1210 quae
843 1139 908 1193 ab
936 1154 1018 1213 29
1043 1136 1388 1204 Novembris
1412 1155 1579 1208 usqne
1603 1139 1669 1192 ad
1693 1155 1750 1218 4.
1790 1137 2114 1195 Decembris
2137 1138 2212 1193 fa-

547 1225 665 1280 ctae
692 1225 824 1290 sunt,
879 1228 1169 1298 quadrantis
1191 1241 1340 1281 error
1367 1226 1441 1279 est
1469 1222 1566 1296 23'
1588 1222 1684 1283 0⁰.
1783 1221 1897 1279 Pro
1933 1225 2092 1279 altera
2114 1241 2206 1279 ve-

549 1327 615 1366 ro
646 1310 769 1366 serie
800 1312 1234 1369 observationum
1269 1329 1397 1383 quae
1425 1311 1492 1366 ab
1540 1325 1614 1384 19
1641 1309 1973 1365 Decembris
2004 1309 2212 1381 vesperi

549 1399 616 1452 ad
643 1399 805 1454 finem
831 1419 989 1472 usque
1014 1399 1177 1457 faciae
1200 1398 1337 1465 sunt,
1368 1398 1589 1454 habetur
1611 1416 1764 1453 error
1800 1394 1895 1472 19'
1937 1395 2081 1464 20⁰,
2125 1397 2214 1468 qui

545 1486 792 1558 utrinque
832 1488 1093 1542 additivus
1129 1489 1229 1553 est,
1271 1487 1410 1540 unde
1446 1487 1680 1540 maxima
1715 1485 1937 1540 altitudo
1965 1485 2214 1542 corredia

542 1571 609 1628 fit
640 1568 787 1645 620,
831 1571 908 1650 5‘,
945 1571 1067 1649 35''.
1096 1572 1472 1628 minimavero
1505 1565 1877 1651 570248'.0''.

548 1745 673 1829 De
700 1743 1014 1829 electione
1044 1741 1343 1828 alicuius
1370 1742 1651 1826 tabulae
1678 1741 2213 1853 refractionum.

745 1876 983 1931 Ethodus
1015 1891 1114 1946 qua
1147 1875 1209 1929 ad
1234 1869 1577 1930 refractiones
1611 1872 1928 1943 indagandas
1952 1884 2077 1927 utor
2101 1873 2218 1944 poli

784 1963 1118 2017 altitudinem
1149 1962 1415 2031 cognitam
1442 1958 1669 2028 affumit,
1711 1976 1884 2032 eoque
1917 1957 2029 2032 ipso
2052 1962 2215 2015 etiam

546 2047 914 2107 refrac'tioneS.
1001 2046 1252 2104 Circulus
1273 2062 1447 2103 tamen
1470 2045 1685 2102 vitiosus
1712 2047 2071 2100 committitur
2103 2046 2215 2101 nul-

547 2139 664 2210 lus;
704 2136 1099 2208 approximatio
1138 2137 1306 2206 potius
1343 2135 1609 2189 instituitur
1643 2150 1797 2205 quam
1846 2135 1900 2186 in
1948 2133 2218 2192 eiusmodi

548 2224 875 2296 inquisitione
900 2225 1066 2277 vitare
1092 2238 1201 2276 non
1227 2221 1379 2288 licet,
1428 2238 1537 2274 non
1562 2219 1703 2274 secus
1729 2237 1789 2274 ac
1816 2219 1870 2275 in
1893 2220 2010 2274 aliis
2039 2218 2204 2276 astro-

549 2312 772 2366 nomicis
799 2309 1226 2382 problematibus
1250 2308 1367 2363 fieri
1392 2306 1586 2362 assolet.

707 2394 940 2451 Coastus
967 2397 1117 2468 igitur
1143 2394 1537 2450 refraffitionibus
1554 2394 1621 2448 uti
1652 2405 1934 2466 antequam
1962 2408 2102 2464 quae
2129 2410 2213 2449 re-

555 2479 703 2554 gioni
721 2479 841 2535 huic
868 2482 1185 2536 conveniunt
1210 2483 1536 2554 repererim,
1564 2479 1801 2535 tabulam
1827 2483 2026 2553 eligere
2049 2480 2215 2538 debui

553 2583 684 2639 quae
717 2564 1059 2622 refrastiones
1086 2571 1264 2625 exacte
1301 2579 1629 2640 computatas
1663 2567 1889 2633 habeat,
1929 2565 2214 2624 secundum

555 2650 798 2723 regulam
821 2654 1036 2725 aliquam
1058 2657 1439 2727 geometricam
1451 2654 1746 2726 {implicem
1769 2665 1821 2705 et
1850 2654 2212 2725 experientiae

550 2738 665 2795 satis
691 2736 1045 2796 conformem.
1132 2737 1293 2800 Hanc
1317 2742 1391 2799 ob
1418 2739 1618 2799 causam
1645 2740 1753 2796 aliis
1786 2739 2030 2798 omnibus
2051 2759 2207 2815 prae·

2128 2829 2217 2886 tuli
