2393 3590
565 150 687 214 228
874 149 991 209 DE
1037 147 1328 209 LINEIS
1379 146 1686 210 CVRVIS
1727 147 1952 233 QVAE

560 306 627 361 lis
656 309 726 363 est
752 349 765 376 ‚
800 322 859 362 vt
887 324 956 361 ex
980 307 1297 376 eius'punsto
1325 307 1510 379 quouis
1536 300 1586 361 F
1618 344 1632 375 ‚
1673 307 1824 363 dueta
1849 320 2070 378 tangens
2099 303 2239 378 FE,

557 428 683 466 cum
709 412 857 466 resta
890 410 986 463 alia
1014 403 1134 464 FA
1166 410 1311 465 dueta
1347 415 1396 464 in
1419 410 1666 480 punctum
1701 409 1870 463 fixum
1905 408 1968 463 A
2010 454 2025 480 ,
2079 412 2239 466 faciat

560 510 809 579 angulum
845 509 1144 562 constanter
1169 507 1655 575 semiret‘tumffluae
1679 506 1817 560 nulla
1845 509 1937 560 alia
1967 512 2060 581 est,
2087 529 2239 583 quam

560 606 971 679 Logarithmica
1013 606 1240 679 spiralis·‚
1276 607 1424 673 igitur
1468 620 1529 656 ea
1564 600 1671 676 ipsti
1709 606 1778 662 est
1810 621 1966 661 curua
1998 611 2236 680 quaesita.
2292 607 2295 610 ’

560 701 638 782 Q.
669 703 730 758 E.
757 703 805 763 1.

720 875 1071 933 Corollarium
1118 890 1164 932 1.
1250 874 1464 954 Quodfi
1505 874 1867 932 desiderentur
1906 894 2057 934 arcus
2095 879 2239 935 fimi-

563 978 641 1033 les
676 975 841 1035 solum
881 1023 894 1049 ‚
936 979 1121 1034 eadem
1159 993 1321 1030 curua
1371 977 1665 1047 proueniet.
1777 975 1858 1033 Sit
1904 982 2041 1033 enim
2091 961 2244 1037 arcus

565 1070 685 1133 AF
712 1078 895 1135 similis
916 1079 1061 1134 arcui
1087 1071 1210 1130 AG
1237 1095 1254 1144 ·,
1282 1076 1382 1130 erit
1418 1075 1738 1147 triangulum
1778 1074 1936 1137 AFB
1977 1080 2140 1135 adhuc
2166 1079 2231 1134 fi-

563 1181 693 1235 mile
722 1176 818 1251 ipfi
850 1173 1056 1247 ΑΕΘ,
1105 1191 1157 1232 et
1184 1176 1395 1249 angulus
1423 1170 1600 1232 FAG
1628 1178 1821 1233 iterum
1857 1183 2023 1236 rectus
2055 1201 2072 1250 3
2103 1200 2232 1254 pro-

567 1280 786 1335 ducatur
813 1274 932 1332 GA
950 1320 963 1345 ‚
995 1294 1155 1347 vsque
1183 1276 1305 1329 dum
1333 1286 1582 1328 occurrat
1603 1278 1837 1346 tangenti
1862 1279 1914 1330 in
1933 1281 1981 1333 E
2009 1300 2022 1334 ε
2047 1284 2137 1338 erit
2163 1283 2238 1337 ob

564 1374 726 1435 EFG
754 1392 806 1431 et
830 1372 996 1432 EAF
1017 1376 1185 1430 rectos
1210 1416 1225 1442 ‚
1269 1369 1381 1429 EA
1413 1391 1425 1427 :
1455 1369 1820 1432 AFzAF:
1845 1372 1966 1431 AG
1987 1397 2063 1434 z:
2088 1377 2198 1437 AB
2221 1390 2235 1426 :

564 1470 710 1536 AC,
799 1470 905 1529 Sed
934 1471 1077 1529 AB:
1103 1472 1222 1530 AC
1247 1473 1383 1528 ratio
1413 1472 1654 1527 constans
1681 1476 1755 1528 est
1784 1516 1799 1540 ‚
1846 1477 1965 1545 quia
1994 1477 2106 1530 sunt
2134 1483 2229 1532 ab-

560 1575 730 1634 scissae
759 1592 975 1631 arcuum
996 1575 1246 1632 fimilium
1273 1594 1290 1644 ·‚
1332 1573 1481 1643 igitur
1505 1573 1657 1628 etiam
1683 1571 1792 1629 EA
1819 1576 1883 1627 ad
1910 1568 2036 1628 AF
2081 1577 2132 1628 in
2154 1593 2240 1630 ra-

567 1679 704 1733 tione
732 1675 916 1729 eadem
942 1673 1218 1741 constanti,
1262 1686 1313 1726 et
1342 1671 1551 1745 angulus
1574 1666 1745 1726 EFA
1769 1673 1965 1724 iterum
1991 1673 2242 1728 constans

563 1777 636 1832 est
701 1817 716 1844 ,
759 1790 890 1848 quae
937 1775 1192 1845 generalis
1232 1772 1310 1828 est
1344 1772 1645 1844 proprietas
1670 1769 2110 1844 Logarithmicae
2144 1771 2245 1847 spi.

567 1877 708 1933 ralis,

720 2048 1060 2107 Corollari’um
1087 2062 1141 2104 2.
1228 2045 1307 2103 Sit
1345 2060 1519 2102 autem
1554 2042 1682 2118 Fig.
1723 2060 1812 2102 Ic).
1841 2062 1986 2099 arcus
2011 2040 2130 2101 AF
2164 2046 2227 2102 si-

571 2153 715 2208 milis
740 2165 793 2207 et
821 2151 1054 2223 aequalis
1088 2148 1180 2220 ipsi
1206 2144 1355 2215 AG,
1394 2147 1593 2201 directe
1613 2144 1822 2215 sumpto
1851 2187 1865 2213 ‚
1893 2163 2016 2200 axes
2037 2146 2236 2204 homo..

571 2253 683 2327 logi
713 2272 846 2310 vero
870 2250 1009 2321 AD,
1030 2250 1126 2306 BE
1153 2248 1249 2302 smt
1273 2248 1512 2321 paralleli
1543 2282 1557 2311 ,
1592 2259 1645 2300 et
1673 2242 1986 2301 assumantur
2013 2248 2099 2303 alii
2127 2251 2235 2305 duo

574 2370 721 2410 arcus
748 2352 987 2424 aequales
1009 2362 1064 2403 et
1087 2347 1274 2403 similes
1300 2346 1429 2411 AK,
1464 2343 1598 2411 AL,
1629 2346 1842 2401 euidens
1866 2349 1954 2419 est,
1999 2349 2223 2421 ita‚‡cre.

572 2448 819 2505 scentibus
844 2449 1120 2521 applicatis
1143 2442 1260 2502 HF
1294 2482 1308 2512 ‚
1347 2445 1461 2501 ΚΜ
1493 2479 1507 2511 ‚
1556 2443 1880 2518 homologas
1925 2448 2104 2504 alteras
2124 2445 2228 2519 GI,

576 2545 689 2606 LN
718 2547 1017 2604 decrescere
1048 2585 1062 2614 ‚
1100 2547 1246 2618 quod
1269 2543 1580 2601 similitudini
1604 2559 1879 2599 curu-arum
1906 2548 2126 2603 omnino
2140 2565 2223 2603 re.

576 2667 801 2726 pugnat,
834 2651 1063 2721 adeoque
1087 2645 1257 2704 casum
1283 2648 1615 2723 praesentem
1648 2647 1891 2703 excludit.

682 2742 685 2744 ’
2072 2731 2234 2794 Thm-
