2393 3590
753 96 868 159 DE
909 93 1139 159 ΡΕΝΕ.
1672 100 1789 180 383

123 264 243 328 'tate
276 254 596 338 corporibus
639 254 932 313 canei-nolis
975 253 1324 328 agglutinatus
1351 299 1365 325 ,
1439 264 1495 310 vt
1518 254 1673 312 auelli
1706 276 1794 314 ne.
1825 259 2065 342 Ad'gvofu-j-

130 365 302 430 queat.
389 347 684 406 Caeterum
709 357 819 398 tum
845 342 1136 413 praefatum
1152 342 1306 398 situm
1322 341 1403 399 seu
1431 344 1798 416 agglutinatio-
1824 338 1996 386 ptatem„

125 458 251 498 nem
284 474 297 505 ‚
332 448 446 490 tum
486 427 844 503 prodigiosam
868 427 1283 485 foecunditatem
1311 430 1455 485 vnius
1482 431 1649 499 nerui,
1680 445 1795 486 tum

127 523 483 584 funiculorum
509 530 815 573 contextum
845 515 981 571 haud
1007 515 1121 572 satis
1154 517 1443 574 admiratus
1478 517 1586 572 sum
1612 559 1627 587 ,
1662 536 1791 592 quo-

132 616 272 670 niam
326 608 449 662 dum
508 605 702 659 caeteri
755 619 1040 659 neruorum
1085 602 1292 660 fimiculi
1344 621 1480 660 mox
1516 621 1657 660 mox
1701 606 1789 659 de-

130 693 400 762 scribendi,
432 692 481 745 in
517 691 739 764 gratiam
773 690 899 745 hinc
930 688 1325 759 musculorum,
1386 691 1506 748 hinc
1542 691 1790 748 vasorum

131 783 531 858 sanguineorum
559 776 790 851 dispositi
814 774 924 832 sunt
948 819 963 846 ‚
1008 777 1093 832 hic
1122 779 1280 834 otiosi
1302 794 1361 833 ac
1398 780 1496 835 fibi
1523 780 1688 836 relicti
1719 778 1790 834 ad

133 871 448 942 voluptatem
475 863 816 920 solummodo
842 864 1076 919 destinati
1095 867 1195 922 effe
1216 865 1483 927 videntur.
1580 862 1693 920 Ast
1715 882 1786 921 ne

133 969 362 1015 errorem
397 952 763 1019 committam,
815 949 872 1003 id
906 965 1117 1021 quoque
1159 953 1654 1026 repraesentandum
1691 953 1782 1023 est,

138 1041 274 1117 quod
297 1055 394 1112 per
446 1036 595 1093 huius
643 1047 921 1092 contextus
961 1038 1230 1093 cancellos
1276 1038 1359 1094 seu
1404 1039 1660 1096 foramina
1700 1055 1789 1094 va-

133 1129 178 1184 sa
200 1127 416 1198 plurima
437 1124 708 1195 sanguinea
729 1141 800 1180 ex
819 1121 1020 1179 truncis
1051 1123 1218 1178 dorso
1246 1125 1397 1194 penis
1436 1125 1786 1181 incumbenti-

133 1215 225 1269 bus
246 1211 445 1282 emifl‘a,
462 1230 521 1269 ac
547 1229 743 1285 corpus
772 1225 1057 1282 Vtrumque
1081 1208 1422 1267 cauernosum
1450 1211 1779 1282 perforantia

128 1312 404 1370 transeant,
437 1301 575 1355 vnde
600 1318 707 1355 non
732 1297 874 1353 male
901 1298 1039 1353 ac‘tio
1068 1298 1263 1352 coniici
1288 1298 1459 1371 potest
1481 1338 1496 1368 ‚
1536 1315 1635 1371 qua
1674 1294 1784 1351 san-

127 1388 286 1460 guinis
323 1382 553 1442 transitus
580 1388 634 1440 in
674 1385 875 1440 veneris
916 1386 1029 1439 actu
1070 1385 1402 1441 determinari
1439 1384 1616 1440 debet.

261 1469 353 1527 De
377 1472 580 1527 duobus
604 1471 714 1527 aliis
737 1471 906 1527 neruis
931 1469 1223 1529 lateraliter
1252 1472 1402 1546 super
1430 1487 1667 1546 corpora
1689 1486 1774 1527 ca-

1828 395 2052 451 praccipue

1829 460 2031 517 inservit.

1817 1504 1859 1554 C
1863 1511 2000 1556 aeteri

137 1557 342 1619 uernosa
362 1561 413 1613 in
439 1556 690 1614 societate
714 1575 1037 1634 magnorum
1054 1561 1305 1617 valorum
1328 1558 1790 1615 incedentibusres
1816 1572 1960 1623 Nerui
1989 1590 2068 1638 pe.-

141 1649 266 1704 clara
288 1663 343 1702 ac
368 1646 582 1702 euidens
620 1648 739 1715 est,
804 1647 846 1702 fi
909 1661 1027 1700 rem
1068 1644 1166 1720 (vti
1219 1648 1391 1715 decet)
1444 1645 1799 1718 contemplari
1825 1643 1906 1693 nis.

136 1737 365 1808 placeat:
408 1735 634 1806 Vtrique
664 1732 890 1809 corpori
927 1733 1454 1808 nerueo-spongios0‚
1474 1746 1691 1806 praeter
1716 1748 1771 1786 v-

137 1838 250 1876 nam
275 1822 506 1877 arteriam
534 1820 756 1895 duasque
783 1837 968 1890 venaS,
997 1839 1185 1877 neruus
1208 1821 1472 1875 maximus
1497 1838 1618 1876 cum
1633 1837 1697 1893 pr
1708 1836 1791 1875 ae-

139 1907 271 1963 dietis
292 1909 423 1965 vasis
446 1910 581 1964 intra
611 1926 771 1964 vnum
804 1908 1101 1966 fasciculum
1142 1907 1555 1979 comprehensus
1591 1909 1791 1962 incum-

141 1993 241 2063 bit,
277 1994 325 2050 in
349 2013 444 2069 qua
468 1994 714 2051 societate
741 1996 886 2051 reeta
919 1994 1164 2052 deorsum
1194 2031 1209 2063 ‚
1258 1994 1320 2051 ad
1361 1998 1507 2067 penis
1542 1996 1791 2051 extremi.

140 2092 289 2135 tatem
325 2100 486 2156 Vsque
522 2080 838 2140 descendens
861 2127 878 2153 ,
913 2084 1226 2155 singularem
1259 2083 1500 2155 respectu
1537 2082 1785 2138 vasorum

143 2163 676 2243 dispofitionem,quae
704 2173 895 2244 pariter
915 2171 1160 2229 hac'tenus
1182 2171 1357 2240 ignota
1369 2169 1466 2225 fuit
1490 2212 1503 2238 ,
1539 2169 1785 2223 obtinere

142 2249 267 2306 visus
289 2253 387 2307 est:
417 2253 561 2312 Nam
585 2271 700 2314 toto
722 2260 936 2329 itinere,
960 2273 1076 2314 tum
1104 2277 1133 2313 e
1164 2259 1357 2313 dextro
1390 2274 1551 2329 quam
1580 2256 1785 2311 sinistro

140 2337 604 2411 ssCsUOafrequentes
633 2346 956 2419 propagines
981 2345 1292 2414 abscedunt,
1326 2361 1545 2417 quarum
1568 2342 1786 2397 nonnul-

139 2421 217 2477 lae
241 2424 304 2478 ad
331 2438 626 2486 contextum
660 2435 897 2489 medium
935 2432 1086 2506 supra
1118 2444 1482 2488 memoratum
1507 2429 1784 2485 tendentes

137 2507 184 2562 in
214 2526 278 2563 eo
304 2515 629 2573 terminantur
651 2563 667 2589 ,
713 2521 845 2576 aliae
875 2522 939 2576 ad
965 2534 1215 2577 truncum
1246 2530 1576 2574 recurrentes
1600 2560 1615 2587 ‚
1637 2534 1782 2571 eum,-

140 2609 234 2664 que
265 2600 527 2672 amplexae
556 2607 850 2680 compedes
882 2607 1174 2663 efformant
1212 2651 1226 2676 ‚
1260 2606 1441 2678 quibus
1478 2603 1598 2657 vasa
1642 2605 1779 2656 {ocia

141 2679 294 2736 veluti
332 2701 536 2747 carcere
572 2692 957 2764 includuntur,
1008 2711 1068 2750 ac
1105 2696 1155 2751 in
1189 2693 1513 2768 potestatem
1540 2688 1676 2741 suam
1702 2707 1780 2744 re-

1586 2776 1783 2832 ducim-
