2393 3590
300 919 485 979 Phaen.
503 948 531 980 2
536 949 577 994 5.

401 1611 484 1674 26

608 166 742 236 254
1126 148 1241 208 DE
1333 148 1690 214 wenis

603 313 827 366 tractam
856 310 1007 383 igitur
1041 310 1269 367 fistulam
1292 311 1421 367 vino
1455 314 1647 371 iterum
1681 310 1906 367 immersi
1944 313 2008 369 ad
2046 312 2263 386 profan]

601 399 824 453 ditatem
849 399 957 453 fere
981 399 1202 453 eandem
1229 419 1241 454 :
1279 399 1487 471 vidique
1512 402 1695 453 vinum
1722 398 1926 469 ingredi
1946 417 2052 456 non
2085 401 2255 462 solum

601 501 702 554 pro
731 483 1089 540 submersionis
1105 484 1573 559 profunditate3sed
1588 482 1739 537 altius
1758 481 1937 552 longe,
1953 486 2126 543 donec
2152 492 2259 549 vini

599 569 771 640 superi
797 586 946 644 atque
965 571 1147 638 inferi,
1183 586 1234 626 et
1254 570 1531 643 intercepti
1559 570 1693 621 inter
1714 580 1994 640 Vtrumque
2031 573 2134 629 olei
2168 594 2259 631 co-

601 656 778 714 lumna
813 672 1052 730 aequaret
1082 657 1410 712 altitudinem
1440 668 1793 710 memoratum
1839 670 1891 713 1.
1927 655 2056 725 poll.
2090 657 2258 727 8.11·n‚

603 740 881 799 Annotaui
907 743 1058 800 fimul
1084 743 1425 796 columellam
1453 743 1560 798 olei
1583 738 1728 797 fuiffe
1762 739 1984 815 superne
2019 756 2072 798 et
2096 746 2255 805 infer.

609 846 675 883 ne
699 830 1004 885 sensibiliter
1030 845 1352 887 connexam.

767 928 871 990 25.
961 914 1108 971 Idem
1145 915 1427 971 obseruare
1467 916 1878 989 phaenomenon
1919 916 2097 989 licuit,
2131 938 2265 994 quo-

607 1000 705 1055 ties
730 1001 893 1057 fistula
916 1004 1042 1057 oleo
1069 1020 1180 1057 non
1200 1002 1365 1057 fuerat
1388 1003 1683 1057 madefacta
1706 1003 1771 1057 ab
1788 1003 1938 1055 initio
1964 1022 1976 1058 z
2007 1002 2064 1058 Si
2087 1009 2265 1065 oleum

609 1101 756 1143 trans
807 1089 1031 1145 fistulam
1076 1086 1183 1142 suxi
1238 1100 1359 1142 ante
1384 1105 1576 1159 ‚quam
1596 1090 1718 1145 vino
1772 1089 2052 1157 immersi,
2093 1094 2265 1150 ascen-

609 1175 681 1229 dit
705 1175 892 1231 oleum
927 1191 1134 1246 quoque
1159 1172 1303 1245 supra
1324 1173 1554 1227 libellam
1579 1211 1593 1240 ‚
1645 1189 1700 1228 et
1727 1176 1908 1228 vinum
1934 1195 2048 1237 ante
2079 1182 2268 1254 sepro-

604 1262 777 1321 trusit‚
869 1260 1025 1315 Tota
1084 1274 1264 1312 tamen
1316 1259 1615 1312 eleuationis
1651 1260 1866 1312 altitudo
1913 1267 2097 1322 minos
2134 1269 2261 1338 fuit,

607 1365 767 1418 quam
791 1348 863 1402 est
891 1345 1106 1400 altitudo
1132 1342 1282 1395 solius
1300 1345 1430 1410 vini,
1456 1357 1541 1396 aut
1566 1343 1688 1398 olei.
1772 1343 1981 1418 Repetii
1999 1351 2128 1407 haec
2153 1365 2266 1409 ten-

602 1437 799 1490 tamina
834 1434 886 1486 in
922 1426 1154 1485 diuersae
1193 1430 1425 1485 cauitatis
1463 1429 1680 1486 fistulis:
1721 1443 1771 1485 et
1799 1431 2126 1506 deprehendi
2151 1439 2264 1496 satis

607 1519 915 1576 constantia.

734 1602 837 1665 26.
926 1603 1044 1663 Vbi
1068 1603 1284 1661 alteram
1311 1605 1523 1662 adhibui
1546 1604 1747 1662 fistulae
1771 1621 1982 1679 partem
2001 1650 2014 1675 ,
2047 1623 2172 1681 quae
2200 1607 2273 1670 ab,

597 1693 751 1746 initio
784 1692 955 1747 statim
980 1691 1111 1746 oleo
1149 1730 1164 1760 ,
1202 1709 1311 1747 non
1347 1696 1469 1749 vino
1497 1694 1655 1748 tincta
1698 1707 1807 1746 erat
1833 1737 1847 1762 ‚
1898 1695 2190 1768 admisique
2212 1696 2264 1750 in

595 1796 714 1834 eam
765 1779 871 1833 olei
905 1778 1247 1835 columellam
1281 1779 1346 1834 ad
1382 1783 1460 1855 5}
1485 1780 1577 1837 lin.
1618 1791 1672 1832 et
1694 1782 1983 1837 extraCtam
2005 1783 2128 1838 vino
2155 1766 2261 1834 ἰτη-1

595 1865 751 1921 mersi
778 1866 842 1920 ad
872 1865 1289 1939 profunditatem
1319 1865 1581 1921 linearum
1610 1866 1820 1921 circiter
1841 1879 1901 1943 4,
1927 1868 2158 1924 nonnihil
2186 1867 2292 1921 ins

600 1953 849 2009 clinatam
877 1972 891 2007 τ
926 1951 1147 2007 ascendit
1181 1954 1360 2008 vinum
1391 1953 1456 2008 ad
1489 1953 1647 2007 lineas
1676 1954 1897 2007 omnino
1930 1955 2144 2020 decem,
2192 1952 2263 2005 fic

599 2055 659 2094 vt
685 2052 796 2094 tota
832 2039 1046 2093 altitudo
1082 2054 1230 2093 extra
1262 2040 1523 2111 liquorem
1556 2040 1707 2094 fieret
1748 2053 1838 2095 12.
1879 2042 1962 2094 lin.
2053 2035 2260 2092 Haesit-

595 2143 699 2199 que
720 2128 954 2181 extracta
977 2124 1142 2180 fistula
1171 2127 1342 2180 omnis
1367 2126 1455 2180 hic
1487 2128 1655 2198 liquor
1699 2123 1955 2194 suspensus
1982 2121 2049 2175 ad
2083 2123 2252 2177 altitu-

600 2213 780 2268 dinem
800 2214 882 2266 lin.
923 2208 1013 2265 16.
1100 2213 1352 2283 Repetitis
1393 2209 1768 2266 tentaminibus
1812 2207 2023 2261 altitudo
2049 2212 2159 2264 vini
2192 2206 2266 2264 fix-

604 2317 698 2370 pra
723 2299 959 2353 libellam
981 2300 1125 2353 vatia
1150 2297 1259 2366 fuit,
1305 2297 1387 2349 sed
1415 2296 1620 2364 semper
1643 2305 1816 2346 tamen
1842 2294 2113 2356 notabilis,

765 2402 975 2460 Fateor
1007 2408 1090 2461 hic
1133 2442 1149 2470 ‚
1201 2406 1237 2457 fi
1293 2423 1321 2457 a
1356 2400 1641 2456 differentia
1679 2403 2002 2472 preffionum
2029 2405 2171 2460 fluidi
2198 2402 2269 2461 su-

606 2509 772 2565 perne
799 2505 851 2544 et
880 2490 1080 2544 inferne
1111 2489 1347 2561 urgentis
1388 2489 1581 2557 pendet
1611 2488 1831 2543 eleuatio
1854 2492 2138 2562 liquorum,
2180 2507 2268 2543 ne-
2328 2525 2330 2527 ·

605 2580 738 2634 scire
757 2594 868 2643 me,
907 2593 997 2629 cur
1031 2576 1211 2628 oleum
1235 2574 1322 2628 vel
1351 2575 1500 2644 plane
1532 2590 1638 2627 non
1680 2574 1922 2629 ascendat
1946 2577 2097 2646 supra
2121 2576 2268 2630 libel-

606 2666 713 2721 lam
736 2662 925 2736 pli-aen.
955 2675 1052 2740 24.
1089 2662 1173 2715 vel
1198 2659 1366 2715 saltim
1392 2661 1557 2715 minus
1586 2651 1849 2731 ascendat,
1871 2679 2027 2735 quam
2049 2663 2155 2719 sine
2176 2664 2260 2717 vi-

2218 2767 2275 2805 m
