2393 3590
565 187 691 252 314
796 163 912 227 DE
953 163 1132 228 VLT.
1180 158 1554 226 VELocrr.
1598 132 2090 227 coRPoRVM'

563 324 692 381 b:
719 337 785 382 20
806 366 820 393 ‚
867 323 1055 397 globus
1090 318 1325 392 delapsus
1350 319 1399 372 in
1429 319 1592 374 fluido
1627 335 1694 373 ex
1723 318 1991 376 altitudine
2022 320 2221 379 infinita

564 429 675 467 non
703 411 968 465 maiorem
995 410 1280 480 acquireret
1302 405 1663 469 velocitatem,
1683 421 1834 472 quam
1863 408 1915 460 in
1938 425 2108 463 vacuo
2132 407 2225 464 ha·

564 498 715 552 beret
733 497 850 568 post
869 495 1072 567 lapsum
1099 511 1165 549 ex
1179 490 1436 547 altitudine
1449 502 1674 561 quatuor
1699 489 1961 546 tertiarum
1984 495 2222 566 partium

560 601 690 658 quae
721 583 972 637 diametri.

717 668 819 726 IV.
907 667 1115 723 Eadem
1154 663 1415 719 methodo
1448 660 1611 717 etiam
1648 660 1784 720 solui
1809 660 2022 737 possunt
2055 682 2211 737 quae-

563 756 753 830 qiones
780 755 844 808 de
869 754 1054 808 Vltima
1084 752 1374 806 velocitate
1408 750 1547 804 nauis
1569 751 1620 804 in
1655 751 1815 810 mari,
1903 749 2025 806 Tot
2042 765 2217 807 autem

571 844 874 897 reuiruntur
901 838 1249 907 data,vt·‘haec
1274 835 1382 891 fere
1396 839 1548 911 onmi
1563 835 1649 892 vsu
1673 849 1883 892 careant
1897 838 1947 890 in
1962 839 2222 908 praximi-

560 929 599 985 fi
626 927 975 981 adhibeantur
999 925 1258 998 quaedam
1285 924 1536 993 artificia,
1580 923 1766 994 quibus
1781 924 1985 979 breuius
2018 923 2213 980 deside-

562 1026 671 1071 rata
699 1012 1124 1070 determinantur.
1218 1007 1272 1066 Si
1293 1012 1439 1065 nauis
1464 1027 1495 1064 a
1514 1023 1679 1064 vento
1702 1009 2039 1084 propellitur,
2055 1025 2219 1082 opor-

561 1113 644 1156 tet
679 1101 823 1158 noffe
859 1099 1196 1154 velocitatem
1221 1097 1363 1150 venti
1394 1131 1409 1163 ‚
1459 1113 1732 1151 numerum
1761 1109 1813 1152 et
1833 1097 2224 1171 magnitudines

561 1187 812 1243 =velorum
860 1202 960 1240 vna
987 1200 1106 1238 cum
1131 1183 1426 1237 eorundem
1451 1182 1712 1251 positione
1740 1202 1757 1251 ·,
1820 1183 1887 1237 ab
1921 1185 1996 1239 his
2026 1184 2222 1256 pendet

561 1275 645 1329 vis
669 1289 856 1329 nauem
880 1270 1228 1343 propellentis
1254 1266 1626 1319 determinatio
1658 1287 1677 1335 ·‚
1698 1267 1823 1336 poss
1826 1282 1913 1321 unt
1932 1283 2132 1337 autem,
2168 1271 2223 1325 ni

558 1361 716 1416 fallor
743 1401 758 1428 ‚
799 1359 913 1413 satis
938 1366 1181 1412 accurate
1214 1350 1348 1406 haec
1373 1350 1579 1409 haberi.
1667 1351 1730 1406 Id
1758 1355 1974 1407 vnicum
2002 1355 2227 1410 obtentu

561 1446 934 1502 difficillimum
973 1441 1046 1495 est
1073 1481 1089 1508 ,
1115 1450 1177 1493 vt
1200 1437 1448 1493 habeatur
1473 1438 1644 1507 figura
1679 1439 1856 1494 exaC'ta
1891 1439 2026 1495 illius
2047 1441 2221 1512 partis

561 1533 614 1587 in
636 1550 768 1587 naue
787 1573 801 1598 ,
860 1544 990 1599 quae
1025 1542 1191 1599 aquae
1207 1523 1476 1580 submersa
1500 1523 1572 1577 est
1609 1545 1627 1593 ·‚
1667 1524 1732 1579 ab
1750 1522 1849 1579 hac
1865 1539 1997 1577 vero
2023 1525 2224 1597 pendet

562 1619 843 1675 resistentia
867 1630 1024 1684 aquae
1047 1656 1060 1682 ‚
1099 1630 1229 1684 quae
1262 1614 1315 1666 vi
1351 1627 1544 1666 nauem
1580 1609 1905 1683 propellenti
1937 1609 2096 1663 debet
2120 1611 2219 1666 effe

564 1703 810 1776 aequalis.
896 1699 1356 1756 Ponamustamen
1372 1697 1504 1752 haec
1529 1696 1714 1751 omnia
1742 1696 1862 1750 data
1884 1695 1940 1748 in
1965 1695 2224 1767 exemplo

558 1791 794 1864 quodam
820 1787 1125 1862 particulari
1153 1822 1168 1854 ‚
1195 1799 1254 1841 vt
1283 1784 1463 1841 saltem
1489 1796 1665 1857 pateat
1690 1780 1905 1850 modua,
1931 1797 2037 1853 quo
2065 1783 2118 1836 in
2145 1780 2230 1836 his

561 1877 759 1948 casibus
784 1875 1210 1949 procedendum.
1298 1870 1415 1928 Sint
1455 1889 1513 1930 v.-
1547 1891 1626 1946 gr.
1656 1870 1768 1925 vela
1793 1870 1973 1923 omnia
1999 1885 2225 1942 perpen-

561 1964 864 2027 diculariter
889 1962 953 2018 ad
975 1961 1177 2034 spinam
1201 1972 1250 2015 et
1274 1960 1618 2016 direetionem
1655 1957 1802 2013 nauis
1840 1955 2011 2027 posita
2055 1993 2070 2025 ‚
2128 1954 2222 2009 ha-

561 2048 820 2124 beantque
846 2048 899 2104 in
919 2045 1213 2114 vniuersum
1239 2047 1384 2103 mille
1420 2046 1586 2120 pedes
1612 2046 1896 2119 quadratos
1924 2041 1977 2095 in
2001 2040 2214 2112 superfi-

560 2140 644 2193 cie
663 2181 676 2207 ‚
711 2139 772 2193 fit
793 2138 1046 2192 velocitas
1081 2136 1222 2190 venti
1247 2135 1366 2190 talis
1391 2149 1451 2190 vt
1481 2133 1637 2205 possit
1661 2126 2034 2203 quinquaginta
2057 2127 2226 2200 pedes

562 2226 698 2281 intra
729 2225 852 2280 min.
891 2223 987 2278 sec.
1025 2221 1311 2278 absoluere.
1404 2219 1619 2278 Habeat
1648 2230 1771 2286 pars
1792 2214 1940 2268 nauis
1962 2210 2224 2268 submersa

561 2312 723 2364 talem
748 2311 978 2382 figuram
1010 2351 1023 2378 ‚
1065 2322 1128 2361 vt
1150 2305 1434 2361 resistentia
1459 2304 1648 2356 eadem
1669 2299 1727 2354 fit
1757 2335 1771 2367 ‚
1821 2315 1980 2370 quarn
1999 2299 2227 2355 haberet

565 2395 777 2466 planum
805 2394 1143 2463 quadraginta
1164 2390 1362 2461 pedum
1388 2387 1751 2458 quadratorum
1773 2428 1786 2454 ,
1831 2387 1971 2440 cuius
2005 2387 2226 2443 direfflo
2318 2420 2324 2427 ·

563 2479 636 2533 est
675 2478 1119 2548 perpendicularis
1163 2475 1229 2529 ad
1268 2474 1508 2546 planum.
1599 2470 1682 2528 Sit
1729 2472 1958 2542 denique
2001 2473 2227 2540 grauitas

561 2563 809 2636 specifica
834 2580 998 2635 aquae
1023 2561 1089 2614 ad
1112 2559 1429 2630 grauitatem
1453 2559 1753 2629 specificam
1781 2557 1916 2610 aeris
1937 2569 1998 2610 vt
2016 2554 2144 2614 800
2158 2559 2226 2613 ad

576 2663 628 2715 1,
651 2663 808 2718 atque
829 2662 1071 2704 numerus
1100 2647 1298 2719 pedum
1324 2651 1480 2715 (quos
1504 2644 1649 2699 nauis
1685 2641 1970 2696 velocitate
1994 2640 2072 2697 sua
2102 2662 2216 2700 ma-

565 2735 710 2792 nima
744 2735 1011 2809 percurrit
1035 2745 1285 2807 tempore
1303 2733 1453 2788 Vnius
1478 2730 1603 2786 min.
1630 2729 1755 2797 sec.)
1798 2743 1935 2784 :zm
2021 2726 2214 2805 Opor-

2144 2827 2220 2874 tet
