2393 3590
527 113 654 194 428
824 148 838 163 .
962 106 1079 169 DE
1121 108 1627 175 CIMMERHS.

526 268 709 340 Iaestra
734 310 747 337 ‚
793 268 946 339 plane
982 280 1041 324 vt
1071 269 1210 339 apud
1259 283 1357 321 nos
1390 262 1707 320 Germanos.
1801 260 2013 322 Snorro
2047 257 2196 322 Stur..

523 357 665 410 laeus
692 370 832 425 parte
859 354 1077 435 secunda
1101 355 1286 409 Eddne
1310 353 1502 407 heroas
1530 349 1676 415 dicit,
1700 349 1786 401 vel
1811 348 2036 425 Kappar
2058 393 2074 420 ,
2111 354 2196 408 vel

530 441 771 514 Kiempur
793 444 879 495 vel
907 436 1142 512 Garpar
1168 440 1336 505 fuisse,
1366 436 1510 508 quod
1543 431 1790 490 Resenius
1812 433 2028 490 Danice
2065 456 2190 512 prq-

528 529 636 583 tulit
664 525 927 592 Herrers,
957 523 1249 596 Kiempers,
1280 522 1328 578 F
1330 521 1511 579 inferis.
1598 521 1662 578 In
1686 519 1905 578 Celticis
1924 521 2196 581 Leibnitii:

531 612 768 686 Campam
785 650 798 679 ‚
827 611 950 677 ludi,
983 610 1171 685 quales
1199 607 1518 685 Olympiaci.

682 699 833 755 quat
871 715 959 752 me
993 715 1133 752 nunc
1157 740 1170 766 ,
1208 700 1460 769 quoniam
1489 700 1539 751 in
1563 695 1697 752 hanc
1736 696 2197 752 concertationem

532 787 713 855 incidi,
736 784 901 857 ipsam
929 786 1193 854 originem
1218 784 1321 853 τῆς
1337 782 1655 862 πολυτξόπε
1681 787 1716 860 3}
1744 779 2021 855 πολυμδξξς
2039 779 2192 856 Φαν-

527 871 743 939 rao-fag
765 871 946 944 paullo
978 872 1121 927 altius
1144 886 1388 943 repetere
1414 915 1428 941 ‚
1466 873 1709 943 quoniam
1736 876 1937 943 antiqua
1965 869 2082 927 satis
2108 872 2197 926 est.

531 953 742 1014 Cimbri
769 1000 784 1027 ‚
832 972 892 1014 vt
914 958 1072 1014 habet
1096 961 1154 1013 in
1175 960 1355 1015 Mario
1380 958 1715 1027 PlutarchuS,
1756 976 1873 1015 cum
1897 959 2101 1016 Italiam
2123 960 2198 1013 in-

529 1047 783 1104 uaderent
798 1083 812 1114 ‚
843 1045 1124 1101 obscurum
1150 1041 1415 1101 Romanis
1438 1063 1638 1101 nomen
1659 1058 2203 1119 erant7praeterquam

531 1135 677 1206 quod
721 1134 1044 1205 proceritate
1084 1148 1380 1205 corporum
1417 1145 1469 1184 et
1509 1133 1688 1186 caefiis
1713 1135 1888 1189 oculis
1911 1128 2200 1187 Germani-

535 1237 656 1275 cam
685 1219 946 1275 referrent
967 1221 1203 1289 stirpem.
1292 1214 1474 1269 Serius
1509 1219 1578 1272 cst
1616 1218 2203 1290 cognitum‚Teutoni-

498 1310 499 1313 ’
538 1325 605 1361 co
630 1305 902 1361 vocabulo
927 1306 1186 1369 latrone57
1233 1303 1314 1357 {eu
1337 1303 1515 1374 potius
1552 1305 1833 1359 bellatores
1870 1304 1970 1358 dici
1995 1316 2149 1376 atque
2175 1320 2205 1358 a

531 1390 949 1465 septemtrionali
973 1404 1180 1442 oceano
1204 1389 1511 1461 profestos,
1534 1394 1751 1447 traiecto
1774 1391 1992 1458 Rhen0‚
2031 1390 2211 1460 Belgi-

538 1499 628 1536 cae
653 1480 700 1533 se
725 1475 961 1533 infudifl‘e
989 1476 1237 1547 annisque
1264 1478 1457 1549 aliquot
1479 1478 1760 1533 incubuiffe
1793 1473 1999 1532 Galliae
2031 1477 2202 1531 cerui-

537 1568 698 1622 cibus,
780 1566 866 1620 Ex
892 1580 994 1633 quo
1019 1562 1214 1618 faitum
1245 1565 1352 1631 est,
1388 1577 1446 1617 vt
1471 1564 1731 1620 Sallustius
1773 1561 1959 1617 Gallos
1983 1563 2201 1630 diceret,

538 1649 774 1710 aduersus
811 1666 946 1716 quos
982 1668 1008 1704 a
1044 1650 1103 1706 L.
1147 1646 1422 1721 Caepione
1460 1664 1510 1705 et
1547 1653 1625 1707 M.
1653 1648 1862 1706 Manlio
1895 1645 2041 1704 Coss
2063 1651 2209 1718 male

536 1752 822 1813 pugnatum
847 1736 938 1791 fuit
965 1749 1018 1791 et
1045 1735 1250 1793 Cicero
1284 1738 1348 1791 de
1377 1739 1668 1810 prouinciis
1708 1734 2075 1792 consularibus
2106 1734 2209 1792 bel-

534 1829 630 1883 lum
653 1821 940 1891 Gallicum,
977 1823 1122 1896 quod
1148 1842 1176 1878 a
1207 1823 1277 1883 C,
1302 1825 1475 1881 Mario
1503 1823 1805 1881 confestum
1829 1823 1934 1889 est,
1962 1821 2235 1900 Cimbris,

534 1913 907 1982 Teutonisque
935 1911 1109 1971 eaesis.
1140 1950 1145 1954 -
1197 1908 1302 1965 Ab
1321 1911 1510 1967 Rheno
1535 1923 1812 1966 mouerunt
1836 1910 1891 1964 in
1922 1896 2230 1966 Noricums

536 2015 591 2056 et
627 2000 692 2055 ad
718 1999 850 2053 fines
882 1997 1135 2069 Illyricos
1160 1998 1402 2070 profeftss
1423 2000 1472 2053 in
1500 1996 1691 2055 Carnis
1719 1997 1783 2049 ad
1810 1993 2075 2052 Noreiam
2105 2015 2199 2053 vr-

541 2087 665 2142 bem
693 2084 1009 2142 Carbonem
1041 2101 1162 2141 cum
1184 2087 1417 2140 exercitu
1443 2087 1693 2141 fuderunt
1710 2095 1860 2154 atque
1886 2100 1984 2148 per
2009 2078 2202 2139 Helue-

539 2177 643 2228 tios
678 2170 1121 2245 Allobrogasque
1152 2173 1349 2244 petiere
1381 2165 1610 2226 Galliam
1633 2213 1650 2239 7
1689 2170 1860 2223 donec
1891 2165 2206 2241 Hispaniam

544 2261 859 2331 attingerent
890 2302 907 2327 ‚
948 2260 1091 2314 vnde
1125 2277 1223 2331 per
1257 2257 1559 2315 Celtiberos
1605 2257 1793 2327 repulsi
1839 2256 2207 2330 coniunffique

547 2362 668 2400 cum
702 2344 975 2400 Teutonis
1003 2387 1017 2413 ,
1062 2358 1216 2399 tanto
1245 2344 1437 2399 maiori
1466 2343 1614 2398 clade
1639 2341 1947 2398 adfecerunt
1969 2338 2206 2401 Galliam

546 2447 768 2487 omnem
791 2445 998 2502 praeter
1021 2430 1293 2500 Belgicam
1314 2444 1363 2484 et
1385 2429 1460 2485 M.
1478 2431 1688 2486 Iunium
1705 2429 1940 2485 Silanum
1965 2427 2083 2485 Cos
2105 2448 2202 2502 op«

547 2515 852 2591 prefferunt.
971 2513 1118 2571 Hinc
1156 2517 1245 2571 ille
1279 2514 1440 2570 turbo
1480 2516 1741 2587 aliquanto
1776 2516 1898 2587 post
1933 2518 2206 2572 interuallo

543 2605 747 2662 Italiam
777 2603 967 2658 inuasit.
1063 2599 1127 2657 A
1157 2603 1327 2658 Mario
1370 2602 1461 2657 fusi
1495 2602 1755 2677 fugatique
1777 2600 2010 2669 Cimbri,
2041 2604 2205 2656 traie-

546 2694 633 2749 sto
650 2688 842 2749 Rheno
864 2733 882 2763 ‚
920 2690 1062 2746 iuxta
1089 2687 1277 2762 Belgas
1312 2688 1674 2747 consederunt„
1761 2685 2009 2763 Antiqua
2031 2701 2204 2744 autem

2052 2767 2210 2832 Cim*
