2393 3590
568 134 699 200 290
1080 120 1198 183 DE
1279 121 1783 188 GLANDVLIS

885 318 909 329 -
993 319 1017 329 -
1098 279 1461 341 semicircumf.
1487 277 1582 343 inf.
1723 281 1861 357 poll.
1894 281 1954 347 6.
2048 299 2106 344 2.
2129 286 2234 353 lin.

868 404 891 414 -
976 404 1000 414 -
1088 370 1331 425 craffities
2032 388 2057 430 1
2077 387 2124 428 1.
2146 376 2233 432 lin.

850 451 997 525 Septi
1026 458 1274 511 craffities
2021 456 2098 517 16
2108 512 2115 517 ,.
2143 464 2179 518 l.

846 537 1137 599 Auriculae
1176 543 1388 597 dextrae
1413 538 1602 614 longit.
1898 553 1954 615 3.
2048 544 2105 600 6.
2135 549 2169 604 l.

848 629 1033 686 Eiusd.
1057 629 1315 686 semicirC.
2023 641 2047 685 1
2066 642 2117 701 3.
2143 633 2236 691 lin.

846 711 1145 770 Auriculae
1173 715 1407 770 finistrae
1426 711 1711 784 *longitudo
1899 728 1957 790 3,
2061 729 2117 790 9.
2140 721 2172 775 l.

846 802 1093 857 Eiusdem
1127 800 1387 860 semicirC.
2029 815 2053 858 1
2075 817 2119 860 1.
2144 806 2241 864 lin.

844 884 1106 943 Arteriae
1134 904 1362 960 magnae
1395 886 1653 942 diameter
1676 887 1826 943 inter.
1894 902 1949 948 2.
2061 903 2115 947 2.
2141 892 2175 947 l.

848 975 1097 1033 Eiusdem
1125 974 1371 1029 craffities
2022 979 2121 1051 3}-
2143 978 2238 1039 lin.

843 1059 1106 1118 Asteriae
1131 1060 1371 1130 pulmon.
1401 1058 1666 1116 diameter
1692 1060 1787 1117 int.
1889 1076 1951 1122 2.
2054 1061 2107 1121 8.
2140 1064 2176 1123 l.

843 1148 1094 1204 Eiusdem
1120 1145 1370 1200 craffities
2057 1147 2143 1212 ἑὲ
2173 1153 2207 1210 1.

843 1220 1042 1292 Venae
1066 1232 1310 1302 pulmon.
1342 1229 1601 1286 diameter
1625 1231 1842 1292 interior
1905 1248 1960 1291 2.
2108 1215 2158 1310 ἓ.
2185 1240 2228 1302 l,

846 1319 1106 1376 Eiusdem
1133 1314 1372 1369 craffities
2073 1336 2127 1377 2.
2152 1326 2187 1380 l.

846 1407 1038 1463 Venae
1063 1417 1224 1457 cauae
1245 1403 1448 1457 ascend.
1477 1401 1729 1459 diameter
1749 1404 1839 1462 int.
1882 1419 1942 1485 4.
2087 1423 2144 1466 2.
2161 1411 2195 1466 1.

845 1489 1094 1544 Eiusdem
1118 1488 1362 1543 craffities
2085 1507 2145 1555 2.
2172 1497 2208 1552 l.

845 1575 1039 1633 Venae
1063 1593 1219 1630 cauae
1246 1574 1486 1631 descend.
1504 1575 1757 1631 diameter
1779 1579 1869 1633 int.
1903 1592 1954 1651 3.

850 1661 1032 1718 Eiusd.
1059 1661 1297 1718 craflities
2078 1678 2133 1721 2.
2158 1664 2200 1726 l,

574 1748 829 1821 Caetera,
880 1750 1324 1823 vtisunt‚propria
1370 1749 1513 1808 Vasa
1529 1745 1755 1815 Gordia,
1795 1747 2086 1820 Valvulae,
2118 1750 2241 1807 Pin-

578 1836 955 1913 gued0‚Nerui‚
973 1856 1033 1893 ea
1056 1838 1409 1910 magnitudine
1425 1851 1473 1892 et
1494 1836 1658 1907 copia
1681 1848 1939 1907 erant,qua
1963 1838 2030 1892 ad
2052 1855 2238 1894 veram

574 1925 881 1981 nobiliffimi
907 1924 1056 1980 huius
1086 1923 1294 1979 visceris
1324 1938 1563 1980 naturam
1584 1923 1883 1978 rimandam
1920 1926 2096 1998 aptior
2123 1937 2242 1981 toto

577 2013 779 2069 mundo
809 2013 1030 2066 inueniri
1059 2012 1152 2066 vix
1180 2013 1366 2083 potest.

274 2090 500 2164 Sententia
735 2100 1102 2165 Eruditorum,
1134 2099 1322 2164 fateor,
1351 2098 1414 2152 de
1435 2095 1623 2152 Corde
1669 2093 2050 2165 speculationes
2085 2093 2139 2149 in
2188 2094 2239 2151 se

273 2157 507 2270 ἒζέίξζῖῐ,
577 2184 1019 2258 speetataeavero
1039 2197 1188 2239 tanto
1204 2183 1644 2254 magisrecedunt,
1677 2197 1780 2251 quo
1814 2183 1969 2235 notio
1995 2184 2238 2236 omnium

275 2298 536 2344 turaetpro-
580 2275 683 2328 eius
716 2273 1010 2327 recessuum
1049 2272 1224 2343 magis
1267 2273 1446 2343 ignota
1476 2283 1534 2321 ac
1563 2265 1878 2337 imperfecfta
1902 2267 2110 2339 semper
2136 2267 2239 2324 fuit.

269 2354 526 2427 primatibus
579 2357 957 2427 Imperfedtam
982 2358 1261 2412 notionem
1285 2373 1400 2410 eam
1430 2367 1577 2408 voco
1595 2395 1608 2419 ,
1644 2370 1772 2424 quae
1801 2371 1906 2408 vna
1933 2368 2132 2410 tantum
2158 2355 2240 2411 seu

278 2422 417 2529 ‘223⁸
574 2443 879 2515 particulari
905 2443 1233 2513 proprietate
1258 2443 1431 2496 nititur
1450 2484 1464 2509 7
1507 2441 1805 2494 cuiusmodi
1833 2440 1900 2494 de
1917 2442 2235 2507 ventriculo,

274 2500 471 2603 ahmam
579 2530 647 2582 de
670 2528 911 2582 intestinis
949 2569 962 2594 ‚
995 2526 1126 2579 liene
1160 2561 1175 2590 ,
1220 2528 1471 2596 glandulis
1499 2561 1511 2591 ,
1541 2537 1694 2577 vtero
1725 2539 1831 2582 etc,
1879 2543 1906 2579 a
1927 2525 2235 2581 dostiffimis

579 2614 708 2668 viris
729 2613 952 2668 reiecstae
973 2625 1025 2666 et
1050 2610 1251 2666 derifiie
1275 2609 1383 2664 sunt
1408 2611 1656 2663 notiones
1687 2645 1701 2676 ,
1753 2610 2032 2682 postquam
2061 2613 2226 2668 dieta-

577 2718 696 2756 rum
730 2701 956 2772 partium
993 2712 1283 2754 maturatae
1308 2698 1472 2770 magis
1504 2712 1564 2750 ac
1593 2699 1888 2771 completae
1918 2696 2224 2771 descriptio-

2136 2802 2233 2842 nes
