2393 3590
859 151 1412 215 ILLVSTRATI.
1808 179 1933 243 435

289 317 474 375 Liberi
497 324 649 390 atque
679 306 939 377 Herculis,
966 319 1030 364 vt
1050 306 1253 376 volunt,
1278 309 1481 379 patria.
1568 306 1738 368 Claua
1762 311 1945 387 Hera„

289 409 446 475 culis,
494 404 737 475 pharetra
759 396 1055 467 symbolum
1078 394 1266 453 Liberi
1290 394 1380 448 est.
1475 396 1683 454 Thebis
1721 399 1786 455 ab
1814 398 1944 472 A-„

286 493 550 549 lexandro
577 484 916 558 expugnatiS,
961 497 1021 538 vt
1046 482 1246 538 Plinius
1269 477 1459 551 refert,
1481 485 1690 540 videtur
1709 503 1941 557 mone„

285 593 341 635 ta
362 579 426 634 ab
454 575 648 631 eodem
671 567 810 624 fuisse
833 571 1086 624 translata
1112 566 1401 648 Erythras·
1420 572 1753 644 Erythrenfis
1780 591 1940 642 ητα-ῃ

290 667 533 739 gistratus
577 659 647 714 est
698 648 1177 716 ΔΙΟΠΕΙΘΗΣ,
1286 652 1578 715 Auiculam
1616 661 1905 732 perdicem,
1921 696 1939 728 ,

291 751 396 807 effe
421 792 436 819 ‚
482 763 549 803 ex
579 741 755 796 Plinio
791 744 1154 816 intelligimuS,
1192 759 1297 815 quo
1320 746 1474 816 teste,
1503 747 1753 821 perdices
1776 764 1938 818 non„

287 836 597 893 transuolant
615 827 879 883 Boeotiae
903 829 1036 885 fines
1057 831 1112 884 in
1136 827 1445 902 Atticam„

442 918 618 980 Nobis
652 917 839 969 omnia
879 917 1025 970 aliter
1052 915 1163 970 sunt
1185 915 1290 972 visa
1318 920 1372 973 in
1396 936 1591 976 nouem
1616 920 1937 994 Erythraeo-

288 1025 400 1064 rum
422 1006 607 1071 numis‚
643 1016 776 1075 quos
800 1001 1031 1056 Ioannes
1056 999 1376 1060 Christianus
1399 1005 1788 1077 BuxbaumiuS‚
1824 1024 1935 1063 non
1948 1028 2060 1081 Tafr,
2087 1029 2162 1080 28,

289 1095 452 1151 modo
480 1110 506 1147 a
533 1089 804 1145 botanices
824 1084 1040 1141 scientia
1063 1097 1114 1138 et
1134 1090 1412 1145 excellenti
1436 1091 1583 1148 laude
1608 1138 1622 1163 ,
1663 1094 1748 1149 sed
1769 1097 1933 1150 etiam
1954 1096 2054 1154 Fig.
2097 1096 2146 1143 ΙΙ
2155 1131 2164 1140 ·

283 1181 355 1234 ob
376 1195 612 1235 veterum
624 1175 844 1231 studium
857 1189 1140 1229 numorum
1161 1184 1508 1247 mutuamque
1525 1182 1815 1235 amicitiam
1830 1183 1927 1236 mi·
1950 1180 2080 1222 vsque
2103 1163 2176 1210 X·

280 1266 331 1322 hi
354 1264 753 1331 iucundiffimus,
781 1278 851 1316 ex
863 1258 1294 1333 peregrinatione
1320 1258 1587 1317 Thracica
1617 1280 1668 1318 et
1690 1262 1936 1323 Asiatica

279 1353 453 1408 secum
475 1353 589 1407 tulit
647 1342 942 1404 Coemerat
978 1345 1448 1419 Constantinopoli
1484 1365 1510 1403 a
1550 1348 1756 1406 Iudaeo
1789 1369 1936 1423 quo-

281 1440 399 1492 dam
424 1454 609 1493 numos
633 1435 1034 1505 Erythraeorum
1059 1444 1339 1505 argenteos
1365 1470 1380 1502 ,
1421 1452 1647 1491 numero
1672 1439 1739 1493 ad
1767 1439 1935 1512 vigin-

278 1525 318 1580 ti
340 1535 456 1590 τῖες,
489 1523 660 1591 pretio
680 1537 788 1573 non
814 1520 1000 1574 maiori
1027 1556 1042 1586 ,
1097 1536 1253 1592 quam
1283 1538 1392 1592 quo
1416 1538 1700 1592 argentum
1728 1541 1835 1580 non
1859 1526 1926 1581 fi-

279 1621 478 1680 gnatum
517 1607 664 1659 venit.
748 1604 836 1661 Ex
866 1604 945 1660 his
978 1606 1153 1680 selegit
1191 1623 1392 1663 nouem
1421 1627 1617 1666 numos
1650 1613 1932 1685 magistra-

279 1710 419 1752 tuum
445 1691 742 1748 nominibus
770 1691 1150 1768 discrepanteS‚
1195 1707 1410 1748 ceteros
1438 1697 1606 1751 diuifit
1635 1698 1771 1753 inter
1795 1699 1928 1754 ami-

280 1800 383 1838 cos.
464 1777 680 1835 Summo
707 1783 898 1835 veteris
923 1776 1187 1835 Graeciae
1209 1781 1421 1853 ingenio
1458 1795 1511 1836 et
1538 1783 1769 1837 artificio
1808 1784 1917 1839 ela-

279 1866 625 1925 boratosnulla
661 1868 835 1921 aetatis
869 1869 1049 1922 iniuria
1076 1864 1395 1934 foedauit‚vt
1418 1869 1726 1939 praesertim
1746 1872 1796 1924 in
1821 1883 1923 1927 ter-

272 1959 356 2023 ti0‚
381 1966 582 2025 quarm,
608 1953 821 2026 quint0‚
848 1952 994 2009 sexto
1021 1966 1074 2007 et
1097 1969 1244 2008 nono
1268 1972 1432 2008 numo
1450 1956 1740 2028 perspicuis
1756 1956 1921 2013 linea..

272 2042 454 2098 mentis
495 2041 598 2096 auis
634 2058 767 2113 quae
802 2040 880 2111 fit,
903 2041 1012 2097 fine
1042 2039 1323 2112 suspicandi
1359 2042 1602 2098 molestia
1628 2044 1919 2115 adpareat:

272 2146 389 2184 nam
412 2128 460 2182 in
485 2129 665 2184 ceteris
690 2127 871 2199 paullo
897 2129 1116 2183 altiores
1140 2127 1300 2182 habet
1320 2129 1487 2199 pedes
1510 2143 1565 2185 et
1591 2130 1917 2185 erectiorem

273 2217 530 2268 ceruicem
550 2229 601 2270 et
623 2215 825 2271 breuius
853 2229 1011 2288 caput
1036 2258 1050 2285 ‚
1091 2232 1245 2285 quam
1272 2228 1329 2270 vt
1359 2215 1537 2271 fallere
1559 2218 1688 2272 haec
1719 2217 1916 2290 species

272 2317 379 2354 non
405 2301 551 2371 poffit
574 2319 693 2370 eos,
722 2304 805 2375 qui
835 2320 999 2358 vnum
1028 2316 1231 2358 tantum
1256 2302 1483 2358 viderint
1512 2321 1763 2370 numum,
1802 2321 1912 2359 non

271 2388 406 2442 inter
427 2387 475 2441 se
498 2390 852 2446 contenderint
874 2408 1063 2448 omnes
1080 2405 1296 2446 nouem.
1388 2388 1448 2448 N
1453 2392 1610 2447 octua
1632 2392 1799 2465 igitur
1820 2392 1910 2460 est,

265 2489 373 2529 non
400 2476 489 2529 alia
513 2476 641 2544 auis,
676 2476 862 2534 nedum
885 2479 1102 2550 perdix,
1133 2492 1194 2533 vt
1218 2474 1385 2550 ipsum
1407 2474 1823 2546 fundamentum,
1837 2476 1910 2531 su-

264 2577 354 2631 per
377 2576 482 2631 quo
517 2560 804 2620 Harduinus
832 2566 1191 2622 inaedificauit
1215 2607 1229 2634 ,
1271 2564 1545 2620 subrutum
1575 2579 1627 2618 et
1670 2564 1911 2620 euersum

265 2648 360 2700 effe
388 2646 529 2706 scias,
614 2649 765 2709 Nihil
791 2655 926 2709 enim
955 2654 1097 2709 aliud
1122 2653 1324 2707 induxit
1350 2651 1820 2725 ingeniosissimum
1834 2652 1910 2705 vi-

264 2747 400 2800 rum,
425 2747 480 2788 vt
504 2738 730 2793 crederet
755 2756 971 2795 numum
987 2739 1129 2796 suum
1155 2737 1450 2794 Boeoticae
1473 2737 1611 2793 fuisse
1639 2737 1904 2806 officinae,

263 2833 412 2888 quam
428 2823 565 2893 quod
587 2841 704 2881 eum
717 2842 954 2899 numum,
967 2827 1016 2881 in
1039 2842 1143 2899 quo
1168 2825 1362 2895 perdix
1385 2823 1618 2897 effet‚ita
1633 2826 1849 2881 demum
1872 2841 1903 2877 e

989 2913 1017 2970 Ι
1045 2912 1098 2969 ii
1141 2926 1181 2970 2
1789 2911 1893 2968 Pli-
