2393 3590
548 104 680 174 440
980 84 1045 145 N
1053 80 1110 142 V
1109 80 1226 144 Ml
1309 74 1416 137 ER
1429 71 1808 137 YTHRAEI

543 241 718 315 scripti
766 241 981 295 iconem
1020 239 1138 293 mihi
1170 237 1353 291 videre
1397 235 1575 290 videar
1598 272 1614 298 ,
1643 233 1913 287 etidcirco
1946 225 2207 286 muliebre
2256 307 2260 310 v

548 342 723 403 caput,
741 329 1012 384 Mineruae
1040 324 1141 377 effe
1159 335 1363 393 putem.
1457 313 1696 372 Fuerunt
1713 318 1851 371 enim
1881 313 2085 388 priscae
2097 332 2205 371 ma-

546 433 657 473 tres
681 415 952 471 Romanae
975 410 1062 463 vel
1077 408 1310 461 maxime
1331 401 1631 458 domisedae
1645 415 1696 456 et
1713 402 1922 456 lanificii
1939 401 2208 471 studiosae,

551 520 607 558 vt
637 517 745 556 non
772 499 993 570 puderet
1015 494 1283 569 Qui1⁴ite5‚
1320 492 1415 544 dea
1446 502 1495 543 et
1521 489 1646 542 colo
1669 487 1883 559 fusoque
1900 486 2098 558 fignare
2123 487 2199 542 se-

551 587 739 644 miffeS.
824 580 970 638 Cum
1000 593 1171 634 autem
1195 578 1434 634 Minerua
1467 575 1756 646 Erythraea
1803 587 2018 644 Vtraque
2053 589 2210 627 manu

551 675 751 745 gestare
778 663 1096 735 ἠλακάτην
1128 665 1347 730 dicitur,
1377 680 1486 717 non
1506 661 1687 733 vtique
1709 660 1867 715 solam
1897 659 2080 713 colum
2121 660 2199 712 in-

551 760 700 827 telligi
723 760 887 812 velim
919 788 933 819 ‚
981 751 1066 805 sed
1096 751 1261 806 etiam
1299 747 1460 805 fusum
1490 787 1504 814 ‚
1541 748 1790 820 quoniam
1818 740 2119 810 Ηλακοίτη
2140 762 2200 798 v-

549 860 798 915 trumque
822 838 1100 910 fignificat,
1137 839 1227 908 ita,
1259 848 1319 891 vt
1340 832 1626 893 Catulli-ano
1647 833 1794 891 versu
1816 832 2057 888 habitum
2077 831 2206 886 deae

548 931 708 1003 poffis
736 927 1056 983 describere:
1083 922 1168 1000 (8)

705 1015 891 1071 Laeua
913 1013 1072 1067 colum
1097 1009 1229 1066 molli
1243 1009 1355 1065 lana
1377 1008 1628 1066 retinebat
1649 1007 1873 1065 amic‘Yum
1901 1023 1913 1058 ε

704 1100 954 1157 Dextera
980 1109 1089 1154 tum
1116 1096 1290 1152 leuiter
1308 1095 1542 1150 deducens
1557 1096 1650 1170 fila
1662 1094 1855 1167 ficpim‘s

706 1187 758 1245 F
758 1185 1007 1242 armabat
1026 1184 1198 1256 digitis
1212 1224 1225 1249 ‚
1262 1191 1364 1234 tum
1378 1190 1534 1251 prono
1559 1180 1607 1235 in
1625 1180 1795 1251 pollice
1820 1189 2060 1254 torquens

705 1273 985 1330 Libratum
1010 1270 1159 1325 tereti
1184 1265 1421 1339 versabat
1445 1262 1804 1341 turbinefifitm
1827 1285 1839 1321 :

706 1357 879 1434 Atque
901 1359 979 1411 ita
1003 1356 1260 1424 decerpens
1286 1352 1531 1426 aequabat
1539 1350 1744 1426 semper
1766 1360 1883 1424 opus
1909 1347 2048 1422 dens,

706 1446 980 1517 Laneaque
1002 1439 1213 1495 aridulis
1237 1438 1532 1494 haerebant
1553 1435 1713 1510 morstz
1735 1436 1931 1493 labellis

700 1528 861 1609 Quae
882 1529 1026 1602 prius
1055 1528 1105 1581 in
1128 1525 1220 1581 leni
1240 1523 1467 1598 fuerant
1493 1523 1764 1596 exstantia
1777 1524 1880 1598 filo,

709 1616 852 1670 Ante
869 1614 1013 1690 pedes
1038 1620 1214 1669 autem
1238 1610 1483 1667 candentis
1508 1611 1679 1666 mollia
1703 1611 1854 1665 lanae

708 1701 921 1759 Vellera
946 1700 1139 1772 virgati
1167 1697 1489 1769 czfiodiebant
1510 1695 1788 1769 calathisci.

551 1796 628 1851 Ea
666 1788 996 1846 vetustiffima
1031 1788 1165 1841 ratio
1201 1785 1498 1842 tractandae
1532 1785 1683 1839 lanae
1703 1782 1837 1841 fuit:
1884 1785 2043 1842 altera
2069 1803 2217 1844 com.

551 1881 791 1943 modim,
824 1892 982 1948 quam
1011 1872 1061 1926 in
1086 1884 1441 1928 monumento
1470 1868 1802 1943 Apolloniae
1817 1876 1955 1928 inter
1977 1889 2220 1928 marmo-

552 1985 610 2021 ra
635 1962 971 2023 Oxonienfia
993 1960 1284 2027 cernimus,
1319 1957 1409 2032 (9)
1433 1958 1527 2011 vbi
1553 1958 1858 2013 ancillarum
1891 1976 1989 2014 vna
2026 1961 2221 2029 colum,

554 2055 717 2107 altera
742 2050 908 2107 fusum
937 2060 1077 2101 tenet
1100 2060 1150 2100 et
1172 2046 1417 2101 dominae
1441 2045 1729 2114 ministrat,
1763 2061 2074 2117 quamquam
2088 2062 2217 2118 pau-

554 2140 610 2193 lo
636 2137 823 2193 rudior
858 2136 1061 2209 pistura
1087 2134 1161 2189 est
1187 2175 1201 2202 ‚
1243 2144 1300 2186 vt
1324 2133 1416 2186 vix
1441 2128 1555 2185 satis
1592 2173 1606 2200 ‚
1652 2147 1781 2203 quae
1803 2132 1866 2186 fit
1894 2166 1909 2198 ,
1967 2131 2223 2201 cognosci

556 2239 719 2293 queat.
766 2223 895 2281 Hoc
920 2234 1091 2276 autem
1117 2220 1293 2274 habitu
1313 2219 1556 2275 Minerua
1582 2217 1654 2271 est
1688 2215 1977 2274 efformata
2010 2217 2077 2272 ab
2101 2213 2218 2272 En-

561 2308 714 2375 daeo,
758 2310 899 2378 quod
921 2321 1120 2362 matres
1140 2305 1418 2362 Cretenses
1449 2320 1516 2359 eo
1549 2320 1742 2377 genere
1774 2305 1961 2378 operis
2004 2302 2227 2359 studiose

560 2404 967 2464 occuparentur.
1015 2394 1207 2449 Manfit
1234 2407 1293 2443 ea
1318 2391 1563 2445 industria
1594 2393 1651 2444 in
1684 2391 1901 2446 colonia
1927 2390 2226 2462 Erythraea

562 2492 617 2535 et
643 2478 835 2534 Ionicis
873 2489 1081 2547 quoque
1112 2473 1436 2529 muneribus.
1569 2474 1845 2548 Quocirca
1902 2475 2229 2532 Theocritus

2039 2559 2226 2619 Theu-

742 2729 818 2789 (8)
855 2732 999 2794 ep‘gr.
1029 2724 1190 2775 LXV.
1221 2741 1311 2786 311.
1383 2729 1459 2787 (9)
1490 2724 1522 2773 f.
1557 2732 1620 2776 82.
