2393 3590
216 1197 287 1246 Μ.
319 1195 437 1255 Aug.

220 1271 348 1324 1726.

1150 212 1256 297 0252}
1286 211 1459 294 (188)
1494 212 1600 298 >2ssss

521 377 643 459 De
728 378 794 455 C
793 370 1245 481 onstructiowe
1323 374 1849 487 Aequatiommz
1929 367 2139 477 Diffi>
2156 412 2170 424 ..
2227 356 2231 361 ¹

652 502 1063 589 remialimn
1091 506 1330 615 primi
1360 499 1638 610 gradus
1664 523 1808 609 per
1844 507 2038 580 viam
2060 499 2176 604 se·—

675 638 1086 748 pcmztionis
1127 630 1873 712 indetermirmmistmn.

1240 788 1462 869 Amet.

1034 919 1090 999 Ι.
1187 920 1667 1000 Hermanno.

766 1132 1092 1205 Osteaquam
1146 1133 1197 1185 in
1234 1125 1654 1188 Commentariis
1709 1130 1985 1205 superioris
2027 1127 2186 1187 Anni

538 1151 756 1439 P
803 1232 929 1296 pag.
970 1218 1266 1296 149.seqcl.
1296 1221 1620 1274 theoremata
1644 1222 1903 1289 quaedam
1919 1237 2022 1293 pro
2038 1221 2179 1274 inue-

811 1306 1013 1363 niendis
1034 1305 1362 1376 integralibus
1377 1306 1720 1374 quantitatum
1749 1305 2183 1360 differentialium

809 1392 1028 1449 exhibui
1055 1431 1069 1456 ,
1137 1407 1266 1461 quae
1287 1391 1550 1462 pluralitas
1572 1390 2096 1445 indeterminatarum
2125 1403 2180 1445 et

518 1488 738 1544 secunda
768 1475 1132 1536 differentialia
1167 1495 1275 1530 non
1306 1490 1586 1532 morantur
1638 1518 1652 1545 ,
1721 1491 1871 1546 atque
1905 1480 2038 1531 adeo
2075 1477 2179 1531 late

520 1576 745 1649 patentia
771 1563 911 1634 sunt,
942 1574 1001 1618 vt
1024 1562 1257 1633 pluribus
1278 1563 1533 1636 exemplis
1554 1561 1621 1616 ibi
1657 1561 1894 1617 adductis
1923 1563 1977 1615 id
2014 1579 2167 1615 mon-

518 1662 696 1718 straui,
783 1649 1222 1709 Communicabo
1256 1668 1393 1705 nunc
1426 1650 1554 1704 aliud
1586 1647 1901 1703 Theorema
1933 1665 2043 1701 non
2067 1649 2171 1701 mi-

517 1766 612 1803 nus
635 1745 791 1812 vtile,
840 1739 980 1793 cuius
1003 1750 1113 1806 ope
1129 1737 1521 1792 innumerarum
1545 1736 1906 1807 aequationum
1935 1733 2179 1789 differen-

515 1834 719 1887 tialium
744 1825 910 1905 primi
934 1821 1127 1892 gradus
1154 1860 1170 1892 ‚
1207 1841 1335 1896 quae
1356 1824 1499 1878 forte
1524 1823 1632 1876 aliis
1662 1821 1931 1876 methodis
1951 1823 2183 1876 inacces-

515 1919 598 1974 sae
622 1918 807 1973 haberi
830 1908 1053 1985 poffint,
1086 1927 1185 1983 per
1211 1913 1349 1966 viam
1379 1908 1722 1983 separationis
1744 1907 2176 1964 indeterminata-

521 2023 642 2060 rum
671 2022 789 2058 cum
816 2002 911 2056 suis
938 1993 1365 2054 differentialibus
1390 2016 1416 2053 a
1446 1995 1492 2049 se
1518 1997 1741 2050 inuicem
1764 2037 1779 2064 ,
1829 1995 2169 2059 construtstiO,

522 2089 776 2144 concessis
799 2083 1135 2159 quadraturis
1163 2126 1177 2153 ‚
1203 2082 1443 2138 exhiberi
1470 2081 1660 2151 potest.
1756 2078 1967 2135 Omnes
1993 2096 2178 2149 aequa-

522 2181 691 2232 tiones
720 2175 837 2230 illae
873 2174 935 2228 ad
957 2166 1092 2221 hanc
1116 2184 1159 2239 y
1190 2185 1264 2222 :z
1287 2168 1366 2223 Px
1390 2176 1475 2228 -4—
1500 2161 1892 2234 Qreuocantur
1928 2206 1943 2233 ‚
1988 2165 2040 2219 in
2078 2182 2175 2236 qua

519 2282 559 2319 x
588 2277 638 2318 et
646 2279 688 2333 y
714 2262 824 2318 sunt
851 2260 1193 2314 coordinatae
1218 2269 1404 2309 curuae
1427 2251 1797 2306 construendae
1822 2293 1837 2320 ,
1878 2250 1921 2306 P
1960 2267 2094 2306 vero
2118 2263 2175 2305 et

524 2349 592 2426 Q
630 2350 820 2404 vtlibet
864 2343 1195 2419 compositae
1232 2341 1332 2394 fint
1365 2355 1434 2393 ex
1465 2338 1616 2391 tertia
1646 2337 2048 2394 indeterminata
2072 2356 2103 2393 z
2124 2350 2177 2391 et

522 2434 893 2492 constantibus.
977 2434 1064 2488 Ex
1087 2429 1185 2483 hac
1208 2426 1510 2498 aequatione
1534 2423 1754 2478 inueniri
1779 2426 1986 2496 possunt
2020 2424 2169 2480 aesti-

519 2517 1320 2576 mationesindeterminatarum
1346 2529 1386 2565 x
1414 2524 1465 2563 et
1499 2526 1542 2578 y
1577 2527 1675 2582 per
1699 2528 1732 2565 z
1785 2523 1837 2564 et
1885 2510 2180 2564 constantes

521 2605 717 2677 (saltem
744 2597 1187 2674 transcendenter)
1209 2601 1260 2653 in
1282 2596 1575 2671 hypothefi‚
1590 2597 1734 2668 quod
1750 2593 2000 2667 clyzzdx.
2048 2594 2169 2653 Huc

521 2692 651 2746 facit
675 2690 890 2764 sequens

1999 2763 2163 2822 Theo-
