2393 3590
645 84 1141 151 CAPJLLARJB
1155 86 1267 148 Vs.
1649 105 1772 168 273

109 273 179 312 ex
203 253 378 311 altera,
466 235 614 299 Cum
639 243 784 300 enim
812 241 1080 310 cylindrici
1105 241 1341 314 perfecie
1375 243 1533 300 tubuli
1556 243 1652 300 vix
1680 260 1775 299 oc·

109 349 314 390 cun-ant
343 372 357 395 ,
390 333 503 380 fieri
532 333 708 395 vtique
731 326 899 395 potest
918 361 932 390 ,
979 341 1038 380 vt
1062 344 1165 399 pro
1201 332 1390 384 maiori
1420 332 1768 386 immersione

106 420 281 474 maior
313 414 374 466 fit
410 428 572 483 aquae
624 409 775 482 supra
803 411 1042 467 libellam
1069 414 1322 483 eleuatio‚
1370 417 1409 470 fi
1434 416 1535 477 scil,
1562 418 1763 472 tubulus

106 518 256 560 extra
280 515 466 571 aquam
489 498 729 551 eminens
757 496 942 553 sensim
978 500 1241 573 angustior
1297 501 1388 557 fiat
1432 522 1445 558 ε
1488 505 1660 577 potest
1689 517 1764 559 et-

102 595 211 647 iam
240 588 351 643 fieri
380 620 393 651 ,
423 596 479 638 vt
509 600 615 655 pro
650 584 848 639 maiori
867 586 1200 642 immersione
1234 588 1419 644 minor
1443 591 1657 646 eleuatio
1682 591 1760 658 fit,
1796 653 1798 656 ,

102 678 141 733 fi
165 686 405 748 augeatur
417 668 598 722 stnslm
620 670 816 725 cauitas
841 672 1011 728 tubuli
1032 686 1184 728 extra
1214 692 1399 746 aquam
1424 678 1637 736 residui.
1667 677 1764 733 Vi-

106 765 158 819 di
183 758 426 832 exempla
450 753 572 808 fasti
597 758 869 828 Vtriusque
885 797 899 826 ‚
936 773 995 814 vt
1022 761 1159 815 adeo
1184 763 1443 820 neceffum
1466 781 1575 819 non
1598 763 1681 830 fit,
1705 765 1765 818 fi-

106 852 189 921 qui
227 833 451 937 essingrua
482 837 759 911 hypothesi
799 842 1170 914 phaenomena
1205 846 1380 901 vidisse
1416 849 1465 902 se
1497 852 1763 917 testentur,

105 934 357 990 solicitare
392 925 556 980 fidem
593 943 786 980 eorum
815 946 827 980 :
866 926 951 980 sed
988 933 1254 985 coniicere
1280 932 1505 990 caussam
1532 936 1685 989 liceat
1706 936 1760 989 in

105 1012 407 1074 differentias
436 1012 643 1066 nonnifi
672 1013 791 1082 post
816 1012 1037 1066 multam
1063 1016 1372 1068 cautionem
1401 1021 1687 1075 sensibiles,

228 1098 578 1173 XXXVLII.
662 1098 749 1156 Vt
775 1098 904 1152 haec
926 1097 1140 1168 preffius
1165 1102 1560 1172 examinentur,
1583 1105 1764 1160 reduci

101 1191 161 1247 ad
186 1188 444 1243 calculum
480 1182 687 1255 poffunt
722 1182 1036 1257 sequentem.
1122 1183 1449 1257 Hypothelis
1490 1187 1761 1247 Car-reama

97 1276 281 1332 annulo
320 1289 487 1344 aqueo
522 1270 853 1342 cylindric0,
902 1271 1197 1343 superficiei
1228 1273 1468 1329 internae
1482 1276 1609 1347 *vitri
1634 1294 1766 1331 con-

90 1360 271 1435 tigu0‚
314 1360 590 1414 minorem
622 1358 793 1412 asserit
824 1360 1232 1430 grauitationem
1272 1359 1515 1417 deorsum
1546 1404 1560 1434 ‚
1602 1379 1763 1436 quam

89 1466 193 1522 pro
223 1444 464 1517 pondere
486 1441 571 1498 suo
598 1443 828 1503 naturali,
916 1447 1008 1501 Est
1035 1446 1171 1501 enim
1198 1448 1451 1519 potentia
1475 1446 1761 1505 sustentans

89 1531 402 1605 particulam
428 1546 791 1603 quamcunque
813 1531 862 1585 in
886 1527 1000 1589 DF
1025 1574 1036 1601 ,
1062 1551 1194 1606 quae
1231 1549 1478 1607 aequatur
1511 1537 1757 1608 preffioni

89 1623 194 1676 eius
227 1621 274 1673 in
310 1612 389 1686 F,
437 1634 507 1671 ex
545 1622 586 1676 6.
631 1615 726 1688 36.
766 1618 828 1671 ad
868 1621 1075 1690 pondus
1096 1620 1405 1676 >absolutum
1461 1625 1754 1693 particulae

83 1704 224 1783 (2:30)
247 1705 319 1758 vti
347 1702 461 1760 DC
496 1702 560 1758 ad
588 1701 713 1761 DF.
813 1699 891 1759 Sit
926 1707 1084 1777 igitur
1119 1707 1379 1761 diameter
1416 1709 1620 1764 luminis
1644 1712 1755 1765 tubi

85 1791 244 1850 :2AE
275 1787 524 1846 Altitudo
549 1808 714 1862 aquae
735 1793 1016 1862 capillatis,
1032 1793 1139 1848 hoc
1156 1797 1255 1863 est,
1299 1795 1520 1850 eleuatio
1547 1798 1658 1851 eius
1679 1797 1753 1852 su-

80 1898 177 1953 pra
198 1879 441 1934 libellam
483 1896 607 1932 cum
643 1881 915 1934 exteriore
943 1881 1063 1941 zei,
1153 1877 1489 1936 Profunditas
1521 1883 1741 1939 immer-

77 1965 232 2021 fionis
262 1965 457 2021 orificii
481 1965 740 2020 inferioris
776 1965 830 2019 in
868 1984 1061 2037 aquam
1083 1984 1209 2026 za.
1294 1969 1546 2024 Latitudo
1576 1969 1751 2025 annuli

81 2054 360 2125 cylindrici
398 2053 679 2107 memorati
718 2066 831 2112 ze.
870 2066 922 2107 et
953 2056 1084 2108 ratio
1121 2055 1244 2110 radii
1288 2056 1351 2109 ad
1387 2056 1748 2128 peripheriam

60 2142 258 2196 'circuli
293 2157 425 2217 :3²
453 2158 517 2199 π,
609 2138 726 2194 Erit
749 2152 869 2194 tota
895 2141 1090 2212 preffio
1118 2143 1397 2197 columnae
1430 2162 1629 2215 aqueae
1660 2162 1748 2198 ex-

79 2239 257 2284 ternae
281 2271 294 2297 ,
339 2229 476 2282 cuius
513 2227 648 2281 basis
686 2239 936 2300 aequatur
969 2229 1179 2283 orificio
1218 2229 1416 2295 tubuli,
1454 2244 1506 2284 et
1528 2232 1750 2304 altitudo

968 2312 1153 2358 ρπαόὂ

80 2330 411 2398 profunditati
434 2329 703 2383 mersionis
737 2329 941 2397 tubuli,
969 2339 1232 2418 ---2}“P²
1277 2332 1347 2387 Et
1371 2328 1493 2386 huic
1522 2350 1612 2404 per
1653 2333 1752 2404 hy-

79 2428 313 2495 pothesm
354 2429 563 2499 aequari
607 2427 766 2482 debet
805 2427 998 2499 preffio
1026 2429 1333 2497 columnae,
1370 2446 1565 2501 aqueae
1595 2432 1645 2484 in
1674 2447 1747 2487 tu-

81 2511 204 2566 bulo
243 2527 535 2568 contentae.
630 2510 788 2570 Haec
821 2530 996 2571 autem
1031 2514 1224 2586 preffio
1265 2516 1327 2569 fit
1355 2520 1545 2588 partim
1574 2517 1638 2572 ab
1663 2538 1747 2574 an-

85 2599 198 2650 nulo
231 2602 535 2670 praedic‘tO,
577 2602 827 2659 lateribus
874 2604 994 2658 vitri
1050 2602 1305 2671 contiguo
1347 2640 1361 2672 ‚
1434 2609 1571 2662 cuius
1617 2605 1748 2661 bafis

88 2678 316 2744 Tomll,
964 2689 1100 2744 Mm
1671 2705 1744 2720 '‘-

1670 2739 1744 2748 ..ι-ι-
