2393 3590
743 173 862 237 DE
953 171 1476 241 BILANCJBVS.
1813 197 1851 262 7
1869 201 1891 245 1

231 331 386 409 'quam
415 332 539 391 claui
564 346 721 408 caput
743 334 1022 406 permittit,
1065 353 1360 410 quanquam
1387 336 1700 409 depressioni
1725 339 1901 396 omni-

230 442 304 477 no
325 421 555 476 obediat.

395 505 484 563 16.
572 504 960 567 Fulcimentum
984 510 1088 565 hoc
1115 510 1202 565 tali
1233 513 1405 566 modo
1436 510 1544 564 vsui
1583 528 1895 567 accommo-

228 592 377 648 datur
407 613 419 649 ε
457 593 520 647 In
554 596 1061 669 parallelepipedum
1101 597 1321 669 superius
1358 596 1404 652 B
1425 613 1676 670 pangatur
1711 599 1892 652 cultel-

225 679 302 736 lus
322 698 354 735 z
374 679 582 751 scapum
611 681 827 738 bilancis
850 684 1135 755 recipien5‚
1167 685 1525 757 impositoque
1542 685 1715 742 lineali
1739 683 1890 741 13ssss

230 783 351 822 cum
380 766 467 822 suo
489 770 872 840 perpendiculo
900 772 1015 824 win
1041 771 1478 828 antecedentibus
1501 771 1785 826 bilancibus
1803 770 1893 825 de·-

221 853 410 925 scripto
436 855 733 910 attendatur
756 900 769 925 ‚
803 869 979 910 Vtrum
1003 857 1235 913 cultellus
1255 877 1288 912 z
1315 860 1466 913 situm
1502 858 1889 914 horizontalem

219 939 412 995 habeat
441 982 455 1009 ‚
488 940 525 994 fi
551 940 657 996 scil.
692 943 1177 1013 perpendiculumy
1202 944 1398 998 linealis
1422 943 1567 1000 BBB
1595 945 1887 1018 aequaliter

219 1025 447 1098 superius
469 1039 523 1078 et
544 1027 747 1081 inferius
774 1028 923 1081 distet
947 1045 974 1079 a
999 1029 1193 1080 lamina
1221 1047 1272 1081 w
1303 1030 1503 1083 linealis
1522 1030 1665 1086 BBB
1693 1033 1888 1101 depen-

222 1113 406 1180 dente,
445 1108 557 1166 hoc
585 1111 622 1165 fi
645 1126 755 1166 non
782 1112 878 1180 est,
920 1111 1193 1165 inclinetur
1215 1114 1297 1166 vel
1320 1116 1596 1170 reclinetur
1614 1119 1886 1188 parallele-

213 1199 474 1270 pipedum
494 1197 541 1254 B
567 1216 728 1271 vsque
754 1202 878 1255 dum
906 1197 1217 1253 desideratus
1241 1199 1515 1265 obtinetur
1536 1205 1893 1273 perpendicu-

215 1285 255 1339 li
278 1286 395 1342 fitus
447 1327 461 1353 ‚
538 1299 657 1340 tunc
688 1285 957 1340 adducitur
987 1283 1211 1340 cochlea
1237 1283 1497 1341 foeminea
1521 1303 1548 1339 c
1577 1306 1709 1360 quae
1735 1289 1883 1361 supra

216 1373 413 1426 tedium
437 1369 528 1437 est,
561 1384 608 1424 et
635 1373 874 1427 firmatur
897 1371 1395 1444 parallelepipedum
1429 1372 1652 1444 superius
1679 1374 1742 1431 Β.

373 1456 813 1526 Dependentibus
864 1456 1078 1510 bilancis
1117 1458 1348 1515 lancibus
1399 1459 1738 1517 subiiciuntur
1788 1481 1887 1517 co-

216 1542 392 1597 chleae
421 1543 678 1596 foeminae
708 1560 806 1597 mm
833 1540 1156 1600 orbiculares
1192 1547 1562 1618 protrudendo
1605 1551 1688 1604 vel
1716 1567 1882 1606 retra-

213 1628 390 1682 hendo
432 1628 735 1684 afferculum
778 1630 825 1686 E
855 1629 905 1683 in
948 1629 1199 1701 prismate
1219 1631 1271 1706 s
1297 1634 1673 1706 aliquantulum
1705 1637 1882 1693 durius

211 1715 490 1783 mobilem,
515 1729 570 1770 vt
593 1715 855 1772 orbiculis
885 1733 983 1770 mm
1011 1719 1116 1773 istis
1158 1721 1330 1776 lances
1353 1723 1672 1778 immineant.

364 1800 539 1857 Porro
572 1805 876 1859 attollantur
902 1805 1144 1874 gyrando
1168 1808 1398 1863 orbiculi
1426 1826 1559 1876 mm,
1603 1823 1656 1863 vt
1673 1813 1724 1864 in
1753 1811 1879 1866 istos

205 1887 389 1944 leuiter
406 1889 719 1947 incumbant
744 1891 953 1956 lances,
991 1902 1041 1945 et
1067 1891 1324 1949 cochleae
1362 1910 1425 1948 rm
1459 1893 1782 1951 adducantur
1807 1915 1884 1963 ne,

203 1975 430 2031 orbiculi
464 1979 712 2033 vacillent
744 1975 828 2032 sed
859 1976 1070 2032 stabiles
1096 1980 1402 2035 reddantur.
1494 1979 1751 2037 Tandem
1765 1984 1874 2038 cla-

206 2079 299 2118 uus
333 2061 531 2120 ferreus
567 2076 605 2138 p
646 2064 841 2120 tamdiu
883 2065 1304 2121 circumducatur
1333 2067 1392 2120 in
1428 2064 1510 2120 sua
1545 2067 1785 2124 foemina
1811 2087 1865 2139 r,

203 2149 377 2205 donec
417 2165 568 2224 caput
602 2153 709 2206 eius
728 2152 779 2205 in
806 2168 865 2206 ea
895 2150 1157 2205 altitudine
1184 2154 1363 2208 existat
1385 2195 1398 2221 ‚
1438 2153 1489 2206 in
1519 2169 1619 2224 qua
1646 2172 1870 2213 omnem

202 2235 469 2292 ascensum
493 2236 814 2310 prismntiss
824 2237 1081 2309 impedit,
1098 2255 1203 2311 quo
1227 2239 1403 2295 lances
1430 2239 1625 2295 turbari
1648 2244 1865 2313 poffent,

203 2337 353 2395 atque
383 2325 470 2379 hic
504 2327 624 2381 situs
665 2315 789 2382 claui
820 2325 1052 2381 seruetur
1085 2342 1182 2399 per
1207 2326 1486 2382 cochleam
1513 2344 1547 2401 q
1573 2326 1736 2384 fundo
1763 2331 1855 2386 ad-

197 2409 432 2472 ductam.

349 2508 444 2568 17-
526 2496 730 2556 Iniectis
756 2497 921 2573 itaque
946 2499 999 2554 in
1025 2498 1198 2557 lances
1229 2518 1394 2556 onere
1437 2514 1586 2574 atque
1626 2502 1862 2573 pondere

197 2581 522 2653 deprimatur
547 2585 737 2657 prisma
747 2584 798 2659 s
815 2629 827 2656 ‚
872 2600 994 2644 tunc
1014 2587 1185 2644 libere
1210 2590 1403 2662 pendet
1441 2588 1621 2644 bilanx
1656 2602 1710 2644 et
1735 2606 1863 2646 one-

196 2669 266 2724 ris
287 2671 495 2741 pondus
518 2673 904 2730 determinabit.
992 2669 1090 2732 Ad
1104 2676 1473 2732 restituendam
1502 2676 1699 2730 bilanci
1721 2680 1859 2750 quie-

195 2768 330 2830 tem,
359 2758 640 2817 reducatur
659 2757 850 2831 prisma
850 2760 903 2839 s
901 2805 917 2834 ,
939 2773 1000 2819 vt
1027 2761 1084 2819 in
1107 2777 1263 2840 caput
1292 2763 1427 2823 claui
1446 2763 1860 2839 impingat2tunc

1733 2852 1847 2909 lan-
