2393 3590
563 183 685 251 134
1151 163 1270 223 DE
1352 158 1630 223 CVRVA

553 326 760 399 pondus
789 320 1058 379 stitisfficiet
1089 318 1372 391 appensum
1398 364 1410 387 ,
1438 334 1495 374 vt
1519 316 1666 389 Sully
1701 317 1977 381 desiderat,
2059 318 2123 376 Id
2148 332 2210 377 vt

554 414 619 467 ad
659 412 853 466 sensum
882 408 1131 462 verticale
1154 407 1481 478 perseueret,
1546 423 1711 477 neque
1748 405 2018 461 oscilletur
2052 443 2069 476 ,
2098 424 2215 463 cau-

545 500 686 552 telae
724 499 788 551 ab
830 494 1048 550 Autore
1090 493 1352 548 adhibitae
1380 493 1555 546 locum
1583 492 2210 564 obtinebunt-,praecipue

553 600 686 639 vero
723 585 866 640 filum
891 581 1250 649 satislongum
1274 579 1374 633 effe
1401 578 1575 645 debet,
1600 577 1737 630 vnde
1761 577 1835 628 ob
1877 579 2076 632 radium
2113 575 2213 635 BC

553 674 802 745 exiguum
832 712 847 741 ,
891 668 1112 722 diredtio
1152 666 1225 721 fili
1281 661 1488 735 semper
1514 662 1625 716 fere
1648 660 1916 716 verticalis
1939 663 2207 719 obtinebi-

553 769 654 817 tur.
1190 788 1198 797 ·

250 856 354 916 Fig.
383 853 514 903 VIII.
699 842 864 898 XXI.
949 839 1094 914 Quin
1120 848 1171 890 et
1195 833 1304 888 hoc
1325 834 1495 890 modo
1529 832 1827 889 commode
1857 834 1936 890 isti
1975 832 2207 911 difficffllf

550 931 642 983 tati
670 927 1019 981 medebimur.
1109 918 1720 978 Construaturtrochlea
1757 919 1866 976 ED
1905 921 2079 979 multo
2104 937 2215 977 ma.

546 1015 651 1082 ior,
664 1028 819 1085 quam
845 1010 1073 1065 circulus
1101 1021 1383 1080 generator
1407 1005 1709 1065 BFcuruae
1733 1007 1946 1061 laminis
1963 1007 2213 1075 tributae,

550 1099 653 1154 hoc
682 1099 853 1155 modo
904 1094 1176 1150 trochleae
1218 1094 1398 1159 ingens
1436 1093 1534 1146 erit
1568 1091 1955 1161 imprimendas
2001 1107 2213 1162 motuS,

556 1201 681 1240 cum
711 1199 888 1238 tamen
915 1180 1123 1252 pondus
1161 1176 1445 1248 appensum
1485 1177 1560 1231 ob
1590 1178 1768 1230 circuli
1788 1176 1889 1237 BF
1911 1182 2217 1250 paruitatem

552 1272 652 1326 vix
701 1282 975 1323 moueatur
1025 1307 1040 1335 ‚
1085 1279 1142 1318 vt
1185 1276 1369 1315 motus
1423 1264 1474 1316 in
1526 1277 1596 1315 eo
1636 1264 1968 1334 generandus
2021 1265 2218 1319 merito

558 1356 797 1428 respee‘tu
823 1367 999 1406 motus
1024 1348 1292 1404 trochleae
1318 1348 1460 1402 reiici
1484 1361 1641 1419 queat
1679 1389 1694 1417 ,
1753 1351 2032 1422 praecipue
2074 1350 2112 1403 fi
2138 1351 2214 1403 in-

554 1442 705 1513 super
740 1439 947 1511 pondus
977 1436 1019 1490 P
1054 1438 1119 1490 ad
1157 1432 1426 1488 trochleae
1463 1432 1674 1504 pondus
1709 1434 1954 1505 exiguam
1978 1435 2222 1490 habuerit

548 1531 833 1586 rationem,
921 1522 1024 1578 1110
1056 1536 1229 1576 autem
1259 1521 1373 1573 casu
1388 1520 1521 1577 dicto
1542 1519 1690 1572 radio
1703 1519 1978 1573 trochleae
2001 1518 2216 1576 (ΖΒΓ-ἀ

550 1659 643 1714 erit
665 1652 944 1723 longitudo
984 1650 1200 1723 penduli
1236 1649 1596 1704 isochroni...
1529 1664 1599 1675 ··‘
1645 1619 1795 1729 ‘⁰394
1779 1633 1878 1700 BC.
1965 1645 2091 1703 Hac
2134 1665 2218 1703 er-

552 1770 623 1826 go
650 1750 857 1806 ratione
877 1749 1228 1820 horologium
1260 1746 1405 1818 Sully
1426 1746 1801 1816 emendatum,
1835 1732 2007 1800 multo
2033 1734 2221 1800 maio-

545 1856 665 1893 rem
691 1836 951 1909 praestare
981 1837 1176 1905 poterit
1199 1836 1497 1889 Vtilitatem.

694 1921 893 1980 XXII.
981 1922 1066 1976 Ex
1120 1922 1258 1977 dietis
1292 1934 1437 1994 patet
1476 1921 1818 1992 praecipuam
1855 1916 2216 1972 difficultatem

550 2009 691 2063 circa
718 2007 932 2062 directio
939 2024 1059 2059 ¹iem
1080 2007 1324 2077 fili,quod
1351 2026 1460 2062 non
1484 2006 1686 2077 semper
1703 2006 1948 2060 verticale
1964 2003 2216 2074 persistat,

550 2093 754 2149 versari.
774 2089 901 2144 Hoc
928 2109 1064 2145 vero
1080 2092 1486 2145 mcommodum
1501 2091 1751 2161 sequentis
1772 2106 1958 2143 curuae
1973 2088 2214 2142 constru-

546 2181 720 2236 <stione
731 2177 958 2232 tolletur
954 2156 1213 2231 Ducatur
1231 2174 1379 2228 filum
1398 2183 1556 2242 ante,
1549 2211 1572 2252 s
1591 2174 1847 2245 quamipsi
1866 2174 2102 2243 potentia
2114 2192 2209 2242 ap-

554 2267 899 2338 plicetur,per
927 2261 1165 2316 foramen
1188 2259 1460 2330 quoddam
1489 2260 1684 2328 fixum,
1715 2260 1820 2314 hoc
1847 2261 2016 2313 modo
2042 2259 2138 2314 fiet
2145 2272 2217 2327 ,vt

556 2352 706 2406 filum
733 2361 994 2420 perpetuo
1020 2345 1192 2400 versus
1221 2347 1396 2399 datum
1419 2350 1664 2416 punitum
1691 2347 1944 2401 directum
1967 2343 2217 2420 fit.Quae-

557 2436 650 2489 fini
706 2436 857 2504 igitur
918 2450 1024 2502 pro
1075 2433 1180 2486 hoc
1251 2430 1366 2485 casu
1430 2449 1639 2485 curuam
1703 2429 2221 2487 tautochronismum

557 2519 941 2590 producentem
984 2559 998 2585 ‚
1051 2530 1104 2570 et
1150 2518 1312 2570 incidi
1361 2517 1413 2568 in
1476 2516 1766 2586 sequentem
1822 2518 2212 2585 proprietatem.

253 2611 356 2669 Fig.
385 2606 488 2657 IX.
564 2603 641 2658 Sit
692 2603 741 2659 C
793 2616 1029 2656 centrum
1064 2603 1359 2669 trochleae,
1390 2602 1501 2658 ΒΜ
1539 2618 1693 2657 curua
1726 2601 1946 2672 quaesita
1983 2596 2048 2652 A
2088 2618 2221 2670 pun-

561 2692 703 2746 Ctum
743 2689 869 2743 illud
911 2688 1078 2743 fixum
1111 2687 1191 2742 seu
1222 2689 1496 2756 foramen,
1546 2706 1646 2762 per
1676 2688 1818 2760 quod
1846 2685 1994 2740 filum
2019 2681 2219 2755 semper

2039 2771 2220 2825 transit
