2393 3590
626 104 1127 168 CAPILLARIB
1140 108 1201 167 V
1196 107 1258 169 S.
1656 113 1742 174 26
1754 129 1780 171 1

127 279 252 335 bulo
273 266 504 328 extracto
528 260 753 336 suspensa
797 307 813 335 ‚
876 261 1123 318 deorsum
1146 259 1304 320 fertur
1328 305 1342 334 ,
1375 263 1413 323 fi
1438 264 1682 324 tubulum
1703 268 1784 322 in-

124 376 292 422 uertas
319 377 331 412 ε

347 456 440 515 31.
525 436 723 514 Quodsi
749 437 893 491 enim
916 435 1086 492 fistula
1108 434 1263 492 fuerit
1297 439 1540 498 nonnihil
1569 441 1788 518 longior
1817 450 2086 525 Pham„-

122 533 384 594 altitudine
412 543 499 594 ea,
527 525 592 576 ad
620 541 779 594 quam
804 524 1028 578 eleuatur
1053 542 1187 597 aqua
1207 524 1355 597 supra
1379 529 1613 586 libellam
1642 572 1657 599 ,
1702 549 1787 586 ea.

124 627 353 689 demque
377 611 600 668 extracta
626 611 904 665 inuertatur
929 653 945 681 ‚
991 613 1187 666 defluet
1205 630 1392 684 aquam
1419 634 1487 672 ex
1514 634 1620 672 vna
1648 619 1785 673 fistu-

128 712 204 766 lae
223 697 556 760 extremitate
586 697 651 750 ad
677 698 914 752 alteram.
999 699 1258 772 Idemque
1280 701 1486 759 accidet
1503 741 1519 772 ,
1545 704 1584 758 fi
1615 718 1789 760 extra-

128 798 218 851 ἂο
240 788 412 846 tubulo
448 799 578 854 aqua
598 780 822 838 suffitione
867 785 1106 839 nonnihil
1127 787 1383 858 eleuetur,
1421 804 1474 846 et
1501 808 1560 845 ea
1586 795 1779 848 ceffan-

130 897 183 937 te
208 876 295 934 sibi
319 873 489 926 denuo
511 868 830 940 relinquatur
852 889 864 923 :
893 871 1153 927 descendit
1181 875 1319 927 enim
1343 875 1448 933 fine
1469 893 1648 940 mora.
1672 879 1778 952 Igi-

129 983 211 1022 tur
233 977 331 1017 non
358 957 423 1010 ita
445 956 718 1022 adhaeret,
764 968 822 1007 vt
845 957 1087 1012 deorsum
1113 976 1363 1031 premere
1380 981 1489 1019 non
1517 964 1676 1040 poffit
1692 1001 1709 1035 ,
1747 966 1785 1023 fi

136 1063 324 1110 ceterae
348 1035 559 1098 faueant
584 1039 1026 1096 circumstantiae.

258 1159 483 1217 XXIX.
572 1160 704 1217 Esto
727 1172 924 1227 autem,
965 1158 1255 1216 adhaereat
1272 1162 1450 1238 prima
1474 1182 1638 1238 aquae
1651 1187 1780 1241 por-

129 1255 194 1310 tio
219 1249 347 1304 vitri
370 1247 624 1304 lateribus
651 1247 788 1302 adeo
815 1289 829 1316 ,
881 1259 941 1301 vt
962 1245 1262 1302 sustentetur
1284 1249 1349 1303 ab
1385 1268 1446 1305 ea
1474 1254 1780 1312 adhaesione

123 1346 232 1392 tota
271 1332 517 1390 deorsum
560 1337 823 1408 grauitans
855 1333 1047 1403 preffio
1081 1353 1093 1389 ε
1133 1335 1254 1390 Non
1294 1336 1419 1391 ideo
1457 1339 1733 1396 eleuabz'tur
1757 1360 1786 1396 a

115 1424 438 1479 fiiccedente.
527 1420 825 1478 Ceffauerit
847 1422 1067 1487 grauitas
1097 1441 1108 1476 :
1153 1420 1385 1478 succeffit
1410 1426 1481 1479 illi
1511 1428 1586 1481 vis
1606 1429 1778 1499 aequi-

114 1510 356 1583 pollens,
393 1518 447 1560 et
467 1506 749 1562 eleuationi
780 1507 1043 1581 reniten53
1082 1508 1193 1581 ipsa
1219 1510 1321 1569 scil.
1353 1513 1419 1567 ad
1455 1514 1656 1568 vitrum
1685 1515 1778 1570 ad—

112 1598 307 1663 haefiO,
337 1610 467 1665 quae
497 1612 605 1651 non
630 1595 798 1649 minus
822 1593 1086 1650 diuulfioni
1121 1595 1237 1652 suae
1260 1601 1502 1655 renititur
1526 1642 1538 1669 ‚
1574 1602 1788 1673 quando

112 1683 296 1739 sursum
325 1693 542 1750 vrgetur
570 1700 598 1737 a
619 1681 921 1735 succedente
948 1699 1108 1753 aqua,
1131 1701 1292 1754 quam
1310 1685 1399 1740 vbi
1423 1688 1670 1742 deorsum
1705 1689 1785 1741 ni-

119 1772 245 1827 titur
296 1766 390 1847 suo-
440 1770 704 1839 pondere,
791 1767 947 1846 Quae
1002 1770 1073 1822 est
1124 1772 1201 1825 vis
1249 1772 1333 1827 illa
1359 1814 1373 1840 ‚
1442 1791 1541 1845 qua
1604 1774 1770 1829 vinci-

117 1873 194 1913 tur
215 1858 339 1913 haec
373 1856 686 1925 resistentia,
718 1857 843 1911 dum
885 1873 1018 1926 aqua
1054 1855 1248 1912 fiirstlm
1280 1861 1458 1932 Vrgeri
1485 1860 1676 1927 debet,
1725 1874 1778 1916 et

113 1947 335 2000 omnino
362 1943 552 1999 eleuari
588 1944 764 2018 grauis
802 1941 952 1998 fimul
986 1984 1000 2011 ‚
1045 1957 1096 1997 et
1132 1945 1421 2002 adhaerens
1453 1949 1578 2002 vitri
1612 1948 1777 2003 lateri-

114 2031 220 2086 buS.

260 2136 460 2190 XXX.
545 2128 865 2202 Praeterea,
911 2134 1006 2190 etfi
1032 2135 1172 2190 ree'te
1198 2135 1399 2190 dicitur
1426 2132 1475 2205 §-
1510 2151 1609 2210 23.
1631 2139 1683 2192 in
1716 2137 1778 2192 fi-

116 2221 252 2276 stulis
313 2221 700 2296 angustioribus
761 2224 909 2294 plura
959 2224 1060 2276 effe
1117 2225 1388 2278 contac'tus
1426 2226 1618 2295 punc‘ta
1675 2241 1778 2296 pro

112 2310 398 2380 capacitate
441 2309 644 2363 fistulae
697 2324 710 2361 τ
752 2328 860 2365 non
893 2322 1070 2365 tamen
1113 2310 1237 2362 inde
1278 2309 1504 2381 sequitur
1537 2353 1551 2379 ‚
1584 2328 1801 2382 aquam¹

114 2413 143 2450 e
195 2396 423 2467 pluribus
476 2395 710 2469 suspendi
755 2398 961 2469 pun-stis
1003 2441 1017 2468 ‚
1062 2407 1115 2450 et
1158 2397 1280 2450 ideo
1326 2395 1519 2452 facilius
1565 2395 1769 2453 sustine-

116 2483 172 2536 ri.
257 2484 459 2540 Patebit
505 2484 558 2538 in
601 2483 932 2557 sequentibus
976 2521 991 2552 ‚
1054 2500 1244 2555 aquam
1295 2500 1404 2539 non
1464 2482 1702 2556 suspendi
1749 2501 1778 2539 a

113 2581 223 2624 tota
254 2568 528 2642 superficie
563 2571 768 2628 interna
813 2571 977 2628 tubuli
1009 2609 1023 2640 ‚
1073 2588 1258 2625 verum
1305 2590 1333 2626 a
1366 2570 1471 2626 sola
1506 2571 1780 2644 supremae

115 2653 354 2714 sectionis
377 2657 708 2735 peripheria,
795 2657 1048 2730 Cumque
1082 2676 1180 2730 per
1218 2656 1783 2733 phaen.12.§.13.al-

959 2745 1059 2803 Kk
1099 2758 1130 2818 3
1655 2746 1781 2800 titu-
