2393 3590
567 183 694 246 350
830 127 1323 224 ΤΕΝΤᾹΜΕΝ
1353 154 2022 224 EXPLrCAnoNrs

559 335 734 379 trante
759 322 1166 378 accelerationes
1190 319 1522 384 nanciscitur,
1557 333 1624 370 ne
1649 328 1827 373 motus
1855 317 2072 375 tandem
2096 331 2227 376 con.

560 407 789 466 sumatur
815 425 866 465 et
892 408 1177 466 euanescat.
1267 405 1489 463 Constat
1514 402 1657 456 enim
1678 417 1852 458 aerem
1877 406 2115 463 calorem
2153 404 2228 462 ίέ·

562 498 666 553 mel
689 510 968 568 acceptum
993 493 1170 549 sensim
1209 493 1492 555 amittere,
1547 503 1669 542 cum
1705 500 1883 542 autem
1925 507 2010 548 aer
2041 494 2224 548 calore

560 582 775 637 rarefiut
799 619 812 650 ‚
845 580 1064 654 sequitur
1088 581 1367 635 materiam
1396 573 1632 632 subtilem
1661 587 1812 630 motu
1826 573 2226 638 vehememiore

562 668 741 738 agitari
769 687 784 741 3
815 667 1045 723 cefl‘ante
1079 682 1214 739 ergo
1246 665 1432 721 calore
1470 699 1486 734 2
1524 661 1723 718 indicio
1754 662 1805 718 id
1846 661 1922 718 est
1948 705 1964 734 ‚
2008 677 2225 723 motum

559 755 812 810 materiae
845 753 950 810 effe
973 754 1309 808 retardatum.

695 841 855 901 VIII.
941 841 1030 898 Ex
1052 838 1189 895 hisce
1224 840 1289 894 de
1317 838 1563 894 struCtura
1587 836 1722 892 aeris
1755 834 2048 910 praemissis
2085 853 2217 895 con·

561 925 787 998 sequitur
836 969 850 996 ‚
920 944 1045 983 eum
1084 928 1138 982 in
1168 925 1430 984 infinitum
1458 922 1508 976 se
1526 924 1833 994 expandere
1859 923 2054 980 debere
2076 937 2228 999 atque

560 1025 858 1070 extremum
890 1015 1124 1070 raritatis
1159 1013 1387 1085 gradum
1415 1011 1656 1082 accipere
1689 1047 1704 1078 ‚
1753 1011 1964 1083 quando
2000 1011 2126 1067 nihil
2151 1012 2238 1069 est'

561 1101 707 1173 quod
734 1101 844 1156 eius
871 1113 1126 1155 conatum
1159 1096 1482 1170 compescat.
1597 1091 1705 1152 Sed
1737 1099 2026 1154 accedente
2060 1100 2228 1173 graui-

561 1199 691 1257 tate,
739 1187 888 1242 aliter
915 1184 964 1240 se
993 1203 1076 1241 res
1097 1184 1318 1240 habebit
1343 1226 1356 1251 ,
1392 1183 1595 1253 eritque
1632 1222 1646 1248 ‚
1689 1184 1834 1253 quod
1865 1188 1916 1241 vi
1945 1186 2081 1241 aeris
2123 1187 2228 1242 ela-

561 1274 721 1331 sticae
742 1269 791 1326 fe
815 1287 1078 1346 opponet.
1170 1269 1354 1345 Quum
1383 1267 1525 1321 enim
1552 1282 1640 1320 aer
1665 1265 1899 1338 superior
1922 1270 2230 1329 inferiorem

562 1371 774 1433 premat
798 1358 1037 1430 pondere
1062 1354 1183 1423 suO,
1225 1352 1446 1410 inferior
1475 1350 1691 1408 vlterius
1715 1355 1765 1408 Ie
1802 1358 2108 1428 expandere
2142 1375 2232 1414 ne.

561 1447 696 1517 quit,
738 1460 890 1515 quam
915 1440 1092 1513 quoad
1117 1441 1222 1495 eius
1239 1440 1325 1495 vis
1352 1439 1554 1494 elastica
1571 1474 1586 1505 ‚
1613 1456 1742 1510 quae
1763 1443 2087 1512 expansione
2103 1459 2232 1497 con-

562 1534 705 1587 tinuo
734 1529 1066 1598 diminuitur,
1105 1527 1324 1601 aequalis
1347 1525 1407 1582 fit
1446 1526 1498 1581 vi
1529 1524 1881 1583 incumbentis
1915 1529 2046 1584 aeris
2074 1541 2229 1581 com-

560 1617 825 1690 primenti.
2004 1664 2022 1667 „

712 1701 814 1759 IX.
902 1701 1057 1758 Patet
1081 1716 1253 1775 porro
1277 1717 1347 1756 ex
1376 1708 1635 1769 concepta
1659 1698 1790 1753 aeris
1827 1696 2228 1767 constitutione,

560 1807 677 1845 eum
703 1793 756 1845 in
785 1789 1044 1845 infinitum
1073 1790 1357 1860 comprimi
1382 1802 1490 1842 non
1523 1781 1672 1855 poffe
1696 1826 1708 1852 ‚
1759 1800 1988 1858 propter
2012 1786 2227 1860 grauita-

560 1892 672 1931 tem
711 1876 1011 1948 specificam
1039 1914 1055 1946 ,
1126 1893 1257 1948 quae
1296 1878 1349 1929 in
1382 1871 1640 1929 infinitum
1677 1885 1974 1947 augeretur.
2073 1869 2233 1932 Nam

563 1980 687 2018 cum
715 1963 766 2017 in
819 1965 1048 2034 qualibet
1089 1962 1283 2018 bullula
1322 1975 1467 2016 certa
1505 1972 1555 2012 et
1588 1958 1936 2015 determinata
1968 1958 2231 2014 materiae

563 2049 752 2104 subtilis
801 2051 1047 2120 quantitas
1077 2047 1558 2118 comprehendatur
1583 2083 1595 2107 2
1629 2059 1790 2112 eaque
1816 2043 2023 2114 semper
2047 2042 2227 2114 super-

563 2136 702 2191 ficiei
728 2136 1001 2190 adhaereat
1033 2133 1108 2186 ob
1139 2133 1250 2186 vim
1288 2128 1651 2195 centrifugam,
1677 2127 1879 2182 neceffe
1900 2129 1977 2184 est
2006 2143 2062 2185 vt
2089 2131 2231 2186 circa

567 2236 807 2278 centrum
833 2219 1057 2294 spatium
1088 2235 1311 2275 vacuum
1344 2217 1654 2284 relinquatur
1684 2215 1771 2280 3id
1800 2214 1941 2285 quod
1966 2232 2034 2270 eo
2059 2218 2231 2272 maius

565 2310 673 2364 effe
700 2308 863 2363 debet
905 2351 920 2377 ‚
953 2324 1059 2381 quo
1085 2307 1251 2380 magis
1267 2321 1359 2359 aer
1398 2315 1542 2355 rarus
1575 2294 1737 2355 fuerit
1773 2322 1784 2356 2
1820 2293 2031 2358 Contra
2053 2316 2228 2358 autem

566 2396 863 2448 continuata
891 2400 1025 2451 aeris
1049 2390 1443 2464 compressione
1469 2429 1484 2455 ,
1526 2383 1579 2437 id
1603 2381 1820 2456 spatium
1851 2405 2073 2445 vacuum
2100 2405 2228 2444 con-

567 2484 712 2535 tinuo
739 2479 1092 2545 diminuetur,
1131 2481 1300 2533 donec
1324 2476 1539 2530 tandem
1565 2472 1774 2543 prorsus
1801 2475 2072 2529 euanescat
2093 2517 2108 2544 ,
2148 2475 2233 2529 vl-

566 2578 648 2620 tra
676 2582 837 2637 quem
866 2565 1124 2621 densitatis
1150 2564 1376 2634 gradum
1404 2573 1582 2616 aerem
1602 2561 1969 2632 comprimere
1991 2560 2234 2633 impoffi-

569 2651 672 2706 bae
699 2653 818 2711 erit.

704 2742 775 2795 X.
865 2737 1031 2817 Quod
1060 2736 1125 2793 ad
1149 2736 1487 2793 velocitatem
1515 2733 1771 2789 materiae
1803 2733 1996 2792 subtilis
2021 2733 2239 2801 attinet,-

2062 2835 2226 2895 opor-
