2393 3590
563 181 694 264 496
1051 163 1763 230 OBSERVATIONES

563 341 691 394 tinas
726 327 887 407 aeque
929 346 988 384 ac
1019 326 1330 399 vespertInas
1364 323 1547 377 diebus
1584 321 1816 392 pluribus
1857 322 2102 378 continue
2131 338 2217 377 ca-

566 438 681 497 ptas
704 467 717 492 ,
753 424 818 477 ab
859 418 1127 475 horizonte
1158 411 1543 464 duodecimum
1564 423 1721 480 usque
1753 412 1973 478 gradum
2001 451 2015 479 ‚
2050 407 2224 464 mense

568 512 723 568 Iun-Io
750 525 847 583 pro
872 496 1266 559 refrac‘tionibus
1309 495 1507 549 aestivis
1533 536 1545 561 ‚
1592 494 1853 548 mensibus
1893 508 2064 549 autem
2087 491 2219 550 No·

569 597 825 660 vembre‚
860 586 1207 650 Decembre,
1249 581 1497 636 Ianuario
1526 593 1578 633 et
1604 579 1904 641 Februario
1926 597 2030 651 pro
2052 582 2227 637 hiber-

571 683 651 738 nis
676 674 1074 736 restrictionibus
1101 669 1434 723 observatum
1461 667 1551 724 est,

728 763 873 821 Cum
899 776 1028 816 vero
1055 755 1253 816 Frater
1286 771 1432 810 meus
1454 770 1560 809 non
1591 754 1814 810 multum
1838 753 1954 826 post
1976 757 2223 827 aequino-

572 855 731 912 &ium
775 863 998 905 vernum
1035 845 1149 900 anni
1183 851 1336 912 1727
1370 839 1684 897 Aulaeiufl‘u
1705 837 2228 914 Archangelopolim
2264 901 2266 903 ,

575 955 626 995 et
661 938 856 993 Kolam
896 935 1190 987 mitteretur
1222 928 1436 983 easdem
1474 941 1529 983 ut
1561 928 1634 981 ibi
1668 926 1867 983 faceret
1899 926 2235 985 observatio-

575 1043 664 1080 nes
694 1065 708 1091 ‚
755 1037 903 1095 atque
939 1019 1112 1074 secum
1143 1015 1525 1089 quadrantem,
1566 1015 1705 1070 cuius
1736 1014 1912 1070 radius
1959 1011 2027 1074 18
2067 1015 2229 1087 polli.

575 1127 697 1166 cum
723 1110 797 1164 est
822 1146 836 1177 ‚
885 1105 1118 1161 auferret
1141 1146 1155 1172 ‚
1192 1102 1346 1173 coepi
1382 1101 1469 1157 sub
1492 1101 1659 1173 ipsum
1684 1100 1961 1157 solstitium
1984 1101 2239 1160 aestivum

575 1197 720 1253 huius
746 1195 866 1251 anni
902 1203 1057 1263 1727
1086 1191 1458 1264 quadrantem,
1501 1190 1636 1242 cuius
1661 1187 1833 1241 radius
1857 1189 2013 1243 trium
2042 1191 2113 1246 est
2145 1208 2238 1264 pe-

577 1285 734 1351 dum,
779 1283 1048 1353 usurpare,
1095 1294 1264 1349 eoque
1286 1274 1580 1329 altitudines
1605 1273 1729 1328 solis
1766 1274 2080 1331 meridianas
2102 1319 2117 1346 ‚
2151 1292 2241 1333 or-

578 1372 701 1426 dine
736 1385 844 1424 non
870 1368 1206 1437 interrupto,
1261 1360 1534 1416 observavi
1572 1379 1599 1415 a
1637 1373 1708 1414 12
1735 1359 1872 1415 Iunii
1909 1361 1974 1415 ad
1996 1363 2244 1434 praesens

580 1473 738 1528 usque
758 1469 969 1526 tempus
992 1497 1007 1523 ,
1040 1451 1242 1507 summa
1273 1465 1368 1520 qua
1396 1448 1539 1520 potui
1578 1446 1841 1518 diligentia
1868 1489 1881 1516 ,
1925 1463 2090 1518 eaque
2110 1465 2236 1505 exa-

579 1543 834 1599 stitudine
857 1584 871 1611 ,
916 1541 1060 1594 cuius
1092 1536 1410 1590 instrumenti
1446 1533 1760 1607 magnitudo
1801 1549 1975 1603 capax
2008 1533 2082 1588 est
2115 1570 2132 1606 ‚
2178 1553 2248 1592 eo

583 1631 693 1686 fine
729 1642 783 1683 ut
815 1627 1000 1701 postea
1036 1624 1146 1697 poli
1186 1620 1407 1684 altitudo
1446 1639 1554 1693 pro
1587 1621 1685 1675 hac
1720 1617 1851 1674 urbe
1893 1622 2077 1678 certius
2127 1622 2248 1680 elici

581 1715 764 1791 poffit.

737 1799 846 1857 Pro
874 1793 1277 1855 refractionibus
1304 1830 1319 1863 ,
1354 1791 1465 1848 hoc
1490 1808 1696 1865 quoque
1716 1791 2060 1848 instrumento
2084 1808 2253 1851 novas

588 1887 992 1945 observationes
1025 1882 1220 1938 institui
1250 1919 1265 1951 ,
1314 1897 1675 1954 magnumque
1711 1895 1987 1936 numerum
2032 1881 2256 1936 altitudi-

586 1994 713 2032 num
763 1988 914 2028 extra
953 1970 1245 2027 meridiem
1286 1968 1465 2024 diebus
1501 1966 1731 2038 pluribus
1771 1966 2037 2022 continuis
2080 1967 2255 2026 mense

588 2064 743 2120 Iunio
770 2061 892 2115 anni
930 2053 1082 2129 1728
1115 2070 1293 2128 captas
1312 2054 1560 2127 acquisivi
1591 2070 1605 2122 3
1644 2052 1927 2123 postquam
1965 2069 2034 2107 ex
2065 2054 2249 2110 obser.

590 2147 894 2203 vationibus
927 2144 1121 2218 integri
1155 2143 1279 2198 anni
1314 2141 1401 2197 hic
1435 2140 1696 2213 quadrans
1734 2139 1863 2194 mihi
1881 2141 2104 2195 omnino
2128 2159 2249 2216 per.

593 2236 794 2308 spectus
820 2248 954 2291 erat.

733 2321 796 2375 lu
843 2319 1123 2391 postremis
1180 2316 1320 2371 hisce
1372 2309 1824 2369 observationibus
1880 2311 2259 2371 refractionum

604 2409 768 2480 gratia
790 2408 971 2460 habitis
989 2449 1002 2474 ,
1036 2418 1264 2478 quatuor
1289 2402 1596 2473 horologiis
1619 2399 1960 2455 oscillatoriis
1987 2398 2101 2457 usus
2125 2403 2257 2474 sum,

606 2510 735 2563 quae
763 2493 888 2545 mibi
924 2508 990 2545 eo
1028 2489 1376 2565 profuerunt,
1430 2501 1483 2543 ut
1517 2487 1773 2542 certitudo
1810 2487 1982 2542 maior
2019 2487 2171 2545 fuerit
2196 2488 2260 2546 de

605 2576 845 2633 motibus
885 2595 1078 2632 eorum
1113 2578 1469 2646 regularitate,
1514 2591 1668 2646 quam
1717 2572 1931 2643 quidem
1965 2572 2266 2645 supponere

606 2682 745 2736 opus
771 2663 843 2716 est
869 2663 917 2716 in
947 2664 1152 2719 calculo
1174 2681 1277 2737 pro
1300 2661 1693 2721 retractionibus
1719 2659 1979 2715 methodo
2010 2660 2142 2717 mihi
2164 2664 2262 2720 ufi-

604 2765 715 2808 tata
740 2750 985 2806 instituto,

2153 2835 2266 2892 Eo-
