2393 3590
753 100 867 170 DE
914 103 1148 171 PENE.
1653 128 1774 195 379

124 279 280 344 dente
311 273 443 333 facta
476 309 489 341 ‚
532 267 637 326 iam
661 265 801 321 adest
822 301 837 331 ‚
891 279 1029 341 quae
1071 261 1290 340 proprie
1325 282 1420 326 ceu
1454 283 1578 325 vera
1625 272 1778 327 causa

127 359 524 440 compressionis
590 352 881 424 praedistae
939 352 1194 410 vasorum
1227 395 1240 423 ,
1284 369 1508 429 propter
1575 359 1780 413 auitam

125 452 359 514 membri
399 440 801 501 conuexitatem
837 452 888 495 et
921 440 1176 496 duritiem
1214 477 1231 509 ‚
1277 446 1456 516 potius
1477 460 1633 517 quam
1654 461 1770 500 mu-

125 543 385 600 sculorum
420 528 673 588 actionem
710 561 724 592 ‚
766 526 1079 585 considerari
1122 528 1282 585 debet
1317 549 1330 584 ε
1373 528 1781 603 Comprimatur

130 630 277 685 enim
331 626 704 693 quantacunque
749 613 800 666 vi
853 631 1033 672 manus
1087 618 1239 688 penis
1284 617 1540 674 flaccidus
1575 618 1646 673 ad
1690 634 1776 672 os-

134 714 187 770 fi1
237 708 380 783 pubis
420 737 435 770 ‚
487 697 859 754 flacciditatem
925 701 1264 759 conseruabit
1300 747 1315 774 ,
1383 718 1542 778 prout
1612 721 1777 776 expe-

137 798 314 856 rientia
332 789 544 847 testatur.
630 782 822 861 Quare
849 790 1269 846 concludendum
1302 792 1406 859 est,
1443 793 1644 864 quoties
1670 791 1777 848 san·
1791 800 1909 848 Vera
1940 808 2062 864 causa

144 882 304 960 guinis
326 880 441 931 intra
467 872 618 943 penis
648 886 883 941 corpora
909 876 1649 950 nerueo-spongiosajnfluxus
1674 871 1983 944 origem-mnis

142 986 231 1037 tur,
269 978 381 1020 tunc
407 955 672 1028 temporis
698 955 833 1010 solos
855 975 1049 1014 neruos
1071 963 1124 1015 in
1157 963 1275 1017 vasa
1303 966 1584 1036 imperium
1621 949 1814 1021 exer-p
1822 951 1924 983 ems.

137 1069 251 1110 cere
273 1085 288 1117 ‚
330 1056 488 1118 prout
509 1060 576 1098 ex
596 1041 881 1098 structurae
904 1045 1088 1099 intuitu
1109 1045 1447 1103 manifestum
1474 1053 1614 1122 est,a
1642 1070 1775 1125 quo-

134 1152 239 1198 rum
260 1132 482 1208 proinde
504 1129 708 1186 robore
726 1130 963 1198 virilitas,
979 1148 1106 1202 quae
1130 1133 1296 1205 vulgo
1321 1135 1520 1207 iignum
1545 1137 1775 1195 sanitatis

132 1233 351 1288 vocatur,
366 1220 528 1274 vnice
560 1217 850 1291 dependet,
947 1217 1172 1275 Musculi
1196 1235 1327 1288 ergo
1360 1237 1483 1275 eum
1518 1224 1569 1276 in
1612 1223 1775 1280 finem

127 1307 456 1366 solummodo
492 1305 693 1360 conditi
730 1304 974 1360 videntur
998 1347 1011 1374 ‚
1048 1319 1108 1361 vt
1144 1307 1441 1378 impediant
1491 1326 1558 1363 ne
1600 1325 1772 1365 mem-

129 1396 270 1451 brum
299 1392 536 1462 sanguine
569 1391 832 1447 aestuante
866 1390 1175 1449 inebriatum
1210 1396 1452 1464 vacillet,
1500 1396 1773 1470 magisque

135 1483 284 1539 verius
305 1496 465 1535 vnam
490 1492 702 1551 partem
732 1494 887 1550 quam
908 1478 1083 1534 versus
1108 1481 1332 1538 alteram
1355 1484 1585 1538 inclinet.
1964 1551 1973 1565 ⁷

270 1567 517 1624 Tertium
543 1567 710 1639 vulgo
737 1565 935 1621 dierum
963 1583 1061 1639 par
1096 1567 1494 1640 musculorum,
1535 1571 1586 1626 in
1619 1571 1770 1643 penis
1787 1545 2051 1661 ZZZssOZs-m‘

139 1654 290 1711 auersa
320 1654 398 1710 seu
427 1654 718 1728 posteriore
743 1667 898 1725 parte
939 1669 1038 1724 qua
1089 1654 1449 1712 musculorum
1500 1633 2049 1736 vrethramjcussssnssre.

142 1742 580 1814 comprimentium
606 1741 751 1795 sedes
781 1740 1016 1795 constitui
1042 1739 1193 1809 solet,
1229 1743 1401 1816 specie
1430 1745 1770 1818 praegrandis
1788 1749 1912 1791 thrae
1927 1751 2016 1792 bul-

140 1825 309 1884 mafl'ae
334 1829 385 1884 in
413 1827 751 1901 coiispedtum
790 1828 939 1883 venit
983 1826 1106 1883 Litt.
1148 1830 1196 1885 E
1305 1833 1482 1903 anue
1519 1843 1767 1904 quantum
1784 1813 1997 1915 baffi-072-

136 1913 406 1972 discernere
423 1916 575 1989 potui
599 1958 613 1984 ,
645 1933 715 1970 ex
739 1917 956 1988 gemino
982 1915 1217 1971 musculo
1239 1917 1373 1973 haud
1412 1921 1646 1974 conflata
1674 1919 1766 1989 est,
1781 1892 1987 1937 pumera

133 2000 266 2058 ficuti
286 2003 343 2058 de
368 2004 470 2059 aliis
493 2003 846 2060 animantibus
869 2002 1117 2060 hactenus
1138 2007 1384 2062 traditum
1411 2006 1485 2062 est
1514 2008 1769 2077 3Verum

134 2085 416 2157 singularem
443 2092 645 2148 videtur
690 2092 1008 2147 constituere
1044 2091 1331 2148 musculum
1373 2110 1582 2168 azygon
1617 2113 1632 2163 5
1679 2093 1769 2165 qui

139 2173 372 2246 ephippio
408 2190 487 2234 aut
519 2178 705 2234 fornici
747 2179 1037 2251 peramplo
1075 2178 1255 2235 similis
1299 2181 1575 2237 dimidiam
1622 2180 1769 2253 penis

135 2257 492 2331 longitudinem
525 2279 818 2336 contegens
844 2310 858 2337 ‚
902 2267 955 2322 in
979 2264 1246 2322 scissuram
1277 2270 1591 2324 terminatur
1614 2310 1629 2337 ,
1661 2284 1766 2340 qua

138 2345 323 2401 canalis
343 2350 561 2407 vrethrae
577 2353 664 2409 sub
689 2371 757 2410 eo
775 2353 1249 2426 latitanS‚depofito
1276 2354 1458 2425 bulbo,
1492 2356 1769 2429 egreditur,

131 2428 319 2504 iterque
350 2432 481 2492 suum
502 2440 668 2497 versus
693 2445 1084 2499 extremitatem
1122 2442 1274 2512 penis
1312 2441 1550 2498 absoluit.
1646 2440 1766 2497 Bul-

138 2513 225 2572 bus
249 2519 410 2592 itaque
428 2527 657 2584 vrethrae
679 2532 731 2584 in
750 2526 969 2602 praefati
995 2526 1206 2584 musculi
1235 2529 1360 2600 finu,
1380 2531 1514 2586 inter
1551 2529 1685 2585 hunc
1713 2540 1767 2582 et

141 2616 359 2674 corpora
380 2617 869 2688 nerueo-spongiosa
888 2617 1049 2671 veluti
1075 2617 1310 2672 detentus
1334 2635 1391 2672 ac
1411 2618 1762 2673 incarceratus

139 2685 293 2759 iacet,
324 2708 482 2771 eoque
514 2714 677 2776 prout
715 2704 1065 2764 consideranti
1091 2716 1270 2776 patet,
1309 2703 1515 2780 speciali
1538 2704 1760 2761 instituto

906 2788 1150 2850 Bbba
1712 2805 1773 2849 vt
