2393 3590
706 184 822 243 DE
908 181 1437 262 ΒηΑΝειΒνς,
1857 215 1944 280 49

265 357 317 400 et
348 342 541 412 lingula
575 339 745 397 adhuc
777 342 978 395 rec‘tam
1030 354 1242 397 teneant
1285 343 1497 400 lineam.
1585 344 1724 401 Item
1758 367 1821 404 ne
1848 351 1939 406 linm

264 431 382 504 gula
413 431 591 485 allidat
619 466 634 497 ‚
696 427 759 482 ad
792 429 960 483 latam
999 430 1177 502 aginae
1203 428 1498 502 lamellam,
1522 432 1608 488 seu
1638 434 1849 494 dorsum
1878 457 1928 494 a..

259 519 424 589 ginae.

398 618 455 682 4.
543 602 831 660 Eximatur
854 603 1045 660 iterum
1083 603 1267 678 iugum
1295 650 1309 676 ‚
1354 618 1406 662 et
1439 607 1713 681 applicatis
1752 624 1925 668 extre-

259 692 557 760 mitatibu5‚
576 690 811 746 cochleis
835 690 1121 746 foemineis
1157 707 1210 748 et
1252 694 1531 749 elateribus
1558 731 1573 762 ‚
1623 696 1937 768 exploretur

261 779 491 847 circin0‚
534 792 708 833 Vtrum
740 794 932 833 crenae
958 778 1286 850 excipiendis
1309 781 1511 837 annulis
1538 781 1933 843 filamentorum

257 862 493 920 lancium
521 865 807 919 destinatae
838 867 889 918 in
917 866 1115 935 aequali
1134 866 1373 921 distantia
1404 869 1469 922 ab
1497 870 1607 923 acie
1632 871 1818 928 axiculi
1831 872 1935 931 sca-

259 952 313 1023 pi
340 951 553 1019 distent,
607 964 660 1006 et
694 951 1185 1005 accommodentur
1220 953 1510 1022 postulato,
1600 952 1735 1034 Hoc
1758 964 1933 1018 modo

254 1049 437 1109 parata
456 1036 597 1091 trabs
622 1038 807 1107 aginae
829 1035 1178 1106 immittatur,
1216 1050 1271 1089 et
1297 1038 1628 1110 obseruetur,
1654 1056 1829 1100 Vtrum
1846 1052 1932 1106 ad.

255 1120 357 1177 huc
383 1123 569 1193 lingula
596 1139 719 1178 cum
745 1120 888 1175 rima
913 1132 1279 1191 transparente
1296 1121 1350 1194 f
1367 1128 1666 1187 conueniat.
1757 1129 1809 1187 Si
1847 1138 1930 1193 illa

253 1207 442 1278 deuiat,
490 1210 773 1265 abradatur
794 1206 984 1278 aliquid
1001 1205 1067 1260 de
1090 1206 1286 1262 elatere
1304 1211 1783 1282 praeponderantis
1810 1220 1933 1278 bra.

256 1294 358 1353 chii
384 1339 397 1364 ,
430 1314 692 1367 eousque,
739 1295 913 1348 donec
938 1292 1303 1365 aequilibrium
1326 1296 1424 1350 erit
1450 1298 1807 1365 conciliatum,

402 1394 451 1456 5.
533 1380 787 1437 Tandem
831 1381 1198 1451 appendantur
1255 1383 1434 1439 lances
1500 1388 1723 1458 aequalis
1770 1391 1931 1461 plane

251 1467 499 1543 ponderis
523 1509 537 1536 ‚
599 1480 652 1521 et
683 1465 722 1520 fi
749 1466 991 1519 alterutra
1017 1470 1507 1543 praeponderaret,
1544 1490 1652 1544 ope
1674 1479 1921 1534 cochlea-

250 1571 364 1611 rum
392 1553 481 1625 (ᾗ.
524 1549 637 1627 12.)
660 1551 1073 1624 extremitatum,
1099 1558 1386 1628 pauculum
1422 1559 1505 1630 id,
1560 1563 1704 1635 quod
1738 1567 1928 1638 restat,

245 1641 550 1715 corrigatur.

387 1726 448 1787 6.
538 1723 960 1785 Commutentur
986 1727 1194 1802 lanceS,
1230 1744 1284 1788 et
1309 1732 1346 1789 fi
1373 1735 1554 1791 omnia
1570 1739 1709 1796 reete
1732 1737 1931 1802 fuerint

249 1813 524 1873 obseruata
554 1857 569 1884 ‚
615 1813 916 1871 differentia
951 1815 1090 1871 nulla
1129 1818 1381 1889 dabitur·,
1411 1822 1484 1879 fin
1508 1824 1688 1880 minus
1713 1868 1727 1894 ‚
1761 1848 1914 1903 quae.

245 1915 387 1958 ratur
408 1903 592 1958 vitium
612 1944 627 1973 ,
672 1914 726 1957 et
750 1906 1042 1972 corrigatur
1065 1903 1131 1959 ad
1159 1906 1304 1962 datas
1349 1907 1738 1968 obseruationes
1775 1930 1918 1974 ante-

241 1988 508 2046 cedentes

397 2075 552 2133 Dico
576 2117 591 2145 ‚
632 2074 733 2131 hac
773 2077 984 2133 ratione
1009 2074 1268 2134 bilancem
1295 2078 1432 2135 bene
1449 2083 1749 2141 instruc‘tam
1774 2108 1909 2164 pro-

246 2165 478 2221 dituram
501 2207 515 2231 ‚
551 2175 605 2219 et
638 2164 817 2238 palam
846 2163 968 2220 fieri
999 2166 1117 2220 vitia
1146 2208 1160 2236 ,
1206 2167 1258 2220 in
1299 2171 1726 2228 antecedentibus
1765 2192 1913 2234 nota-

246 2263 298 2307 ta
340 2266 390 2309 et
443 2251 741 2309 bilancibus
781 2253 1095 2325 plerumque
1140 2253 1473 2313 adhaerentia
1516 2258 1616 2314 effe
1659 2268 1915 2322 correcta.

242 2897 384 2959 Tom.
425 2903 500 2964 ΙΙ.
1103 2900 1159 2960 G
1725 2894 1903 2958 CAP.
