2393 3590
439 105 1250 182 PHAENOMENORVM
1292 109 1563 172 AERIS.
1711 130 1834 198 349

179 280 441 360 'explicare
464 270 676 329 instituit
699 267 750 321 in
782 261 1057 322 schediasm
1067 277 1152 320 ate
1172 264 1228 321 de
1253 266 1699 322 communicatione
1723 284 1824 322 mo-

178 361 264 429 t'us
297 363 532 426 Lutetiae
553 371 718 425 nuper
748 352 1015 423 impreffO.
1113 351 1241 430 Quo
1265 356 1376 409 vim
1414 353 1685 410 elasticam
1719 374 1747 411 a
1777 355 1837 411 vi

182 452 466 519 centriffiga
491 440 749 501 materiae
775 437 963 494 subtilis
987 441 1108 495 oriri
1127 438 1319 501 afferit.

329 537 406 595 V,
503 527 705 598 Sequor
723 524 888 598 itaque
909 525 1008 581 hac
1040 529 1094 583 in
1116 545 1174 583 re
1202 571 1217 597 ,
1246 529 1392 585 istam
1420 571 1434 599 ‚
1484 529 1560 584 vti
1597 528 1730 585 nuhi
1763 527 1835 584 vi-

189 631 366 690 detur,
407 615 634 673 maxime
658 612 1002 680 probabilem
1025 615 1337 671 elasticitatis
1365 618 1497 672 aeris
1517 617 1717 672 causam
1734 660 1748 688 ‚
1770 627 1855 671 at-⁴

193 729 295 788 que
311 712 362 763 in
383 706 475 760 hac
499 699 848 753 dissertatione
870 701 1392 759 examinisubiiciam
1415 746 1431 774 ‚
1469 720 1716 774 quantum
1750 720 1837 759 ae-

197 803 267 859 ris
295 793 523 852 struerura
561 801 631 839 ex
668 782 775 837 hoc
806 785 1155 844 fundamento
1191 791 1426 846 formata
1462 792 1684 865 reliquis
1713 791 1843 846 aeris

202 872 597 960 proprietatibus
630 871 953 942 explicandis
980 874 1200 930 sufficiat
1227 913 1240 944 ‚
1287 890 1608 949 quantumue
1640 880 1834 946 mium,

207 983 263 1026 vt
287 971 521 1036 appareat
540 1001 554 1027 ‚
600 968 774 1012 vtrum
801 975 888 1012 aer
912 960 1045 1013 hanc
1070 964 1297 1030 partium
1326 965 1626 1020 strueruram
1648 966 1846 1021 habere

199 1051 371 1131 poffit,
408 1063 469 1100 an
503 1061 632 1101 vero
660 1039 811 1098 non?
854 1043 985 1121 Quo
1010 1045 1062 1099 in
1091 1046 1207 1101 casu
1242 1049 1531 1105 meliorem
1563 1064 1847 1125 oporteret

199 1134 496 1204 excogitare
516 1132 643 1189 aeris
666 1131 1111 1189 constitutionem.

327 1219 429 1280 VI.
518 1217 779 1293 Suppono
809 1219 966 1289 igitur
1003 1240 1184 1278 aerem
1219 1222 1464 1279 constare
1491 1241 1691 1279 aceruo
1718 1226 1848 1281 infi—

191 1300 406 1369 nita‘rum
435 1309 780 1364 minimarum
815 1307 1127 1365 bullularum
1152 1352 1166 1377 ‚
1195 1309 1248 1364 in
1274 1310 1454 1383 quibus
1486 1313 1707 1367 materia
1737 1312 1850 1368 sub-

195 1398 286 1457 tilis
311 1408 461 1450 motu
483 1395 713 1450 circulari
739 1406 947 1464 gyratur
978 1409 1028 1450 et
1050 1397 1099 1450 vi
1142 1399 1432 1470 centrifuga
1465 1399 1678 1455 bullulas
1708 1417 1837 1454 con-

200 1486 332 1540 tinuo
361 1483 657 1553 expandere
686 1494 914 1536 conatur
943 1521 958 1551 ,
1002 1500 1193 1556 easque
1216 1483 1394 1557 reipsa
1432 1484 1648 1543 semotis
1676 1488 1853 1543 obsta-

206 1570 628 1641 culis‚expand1·t,
723 1563 986 1639 Suppono
1010 1588 1183 1642 porro
1220 1571 1433 1629 bullulas
1474 1576 1572 1630 effe
1604 1575 1854 1650 pellicula

206 1655 469 1729 obdutstas;
509 1656 653 1729 quod
676 1654 891 1728 quidem
911 1673 1045 1729 opus
1068 1675 1177 1712 non
1207 1658 1352 1725 estet,
1384 1676 1507 1715 cum
1545 1661 1852 1718 huiusmodi

210 1743 424 1799 vorticuli
457 1744 566 1799 fine
603 1740 860 1814 pelliculis
879 1744 1121 1799 constare
1140 1745 1352 1817 poffent
1375 1760 1631 1802 ettamen
1661 1762 1847 1804 mutuo

210 1847 306 1885 non
326 1831 768 1901 permiscerentur.
859 1829 1017 1887 Vnus
1046 1833 1188 1888 enim
1211 1835 1430 1888 alterum
1455 1833 1703 1907 impedit,
1721 1854 1853 1908 quo-

208 1918 357 1972 minus
375 1931 748 1991 extrauagetur
776 1934 788 1969 :
822 1913 1094 1974 Attamen
1121 1932 1413 1993 propterea
1441 1920 1666 1977 bullulas
1703 1924 1859 1995 pelli-

207 2002 317 2058 culis
340 2003 586 2062 obduecas
623 2005 868 2078 suppono
899 2049 913 2075 ,
969 2008 1245 2077 quodfflaer
1271 2024 1538 2079 nunquam
1567 2022 1673 2065 tam
1703 2028 1858 2082 purus

211 2087 294 2157 fit,
313 2103 367 2145 vt
388 2091 587 2164 prorsus
605 2109 632 2147 a
654 2092 945 2165 vaporibus
970 2093 1102 2147 liber
1125 2094 1197 2150 fit.
1278 2094 1531 2166 Vapores
1554 2111 1724 2152 autem
1740 2115 1858 2168 par-2

216 2174 381 2231 ticulas
405 2182 532 2235 aeris
561 2179 628 2235 ad
653 2180 809 2235 instar
829 2180 1200 2254 pellicularum
1230 2180 1502 2238 obducere
1537 2184 1690 2239 valde
1725 2202 1856 2259 pro-

220 2258 374 2317 babile
395 2264 481 2326 est,

308 2348 458 2408 Vll.
543 2346 771 2411 Constet
797 2357 965 2429 itaque
986 2373 1077 2411 aer
1099 2356 1309 2412 infinito
1348 2356 1667 2414 bullularum
1707 2360 1865 2416 mini-

218 2446 408 2490 marum
444 2456 666 2512 numero
689 2485 703 2512 ‚
743 2462 967 2522 quarum
1008 2446 1183 2499 crusta
1222 2447 1462 2501 exterior
1485 2447 1546 2503 fit
1572 2460 1733 2519 aquea
1755 2465 1860 2520 pro

217 2517 408 2577 diuerso
445 2531 570 2584 aeris
598 2530 725 2584 statu
758 2532 936 2586 maior
976 2534 1218 2588 minorue
1248 2553 1266 2603 ·,
1300 2533 1432 2588 intra
1465 2534 1600 2589 hanc
1625 2537 1860 2591 crustam

221 2614 418 2694 {yretur
443 2616 653 2675 materia
669 2616 867 2672 subtilis
894 2632 1037 2673 certa
1066 2637 1189 2675 cum
1224 2621 1504 2675 velocitate
1543 2664 1554 2689 ‚
1600 2639 1727 2693 quae
1749 2622 1862 2676 sub-

217 2687 419 2748 mde'ab
444 2697 535 2754 alia
554 2701 810 2761 subtiliori
838 2703 1008 2760 adhuc
1031 2709 1253 2762 materia
1289 2725 1477 2764 omnes
1508 2723 1680 2783 poros
1704 2728 1865 2782 peue-

942 2793 1000 2854 X
1017 2808 1057 2848 x
1095 2808 1124 2867 3
1333 2867 1337 2873 x
1721 2811 1862 2855 tran-
