2393 3590
547 188 665 237 122
1180 167 1297 229 DE
1334 166 1596 232 MOTV

688 321 868 384 Coroll.
907 320 998 387 Π.
1089 321 1149 384 Si
1167 341 1512 402 comparetur
1533 326 1789 386 velocitas
1824 329 2061 387 maxima
2077 345 2202 392 cum

537 415 820 470 velocitate
843 414 1078 470 maxima
1105 432 1270 488 aqu-ae
1293 417 1543 472 effluentis
1568 416 1620 471 in
1645 415 1757 472 casu
1783 433 1926 487 εἰσ,
1956 419 2188 476 inuenie-

533 514 621 556 tur
645 501 919 557 illa-multo
943 501 1112 556 maior
1129 503 1225 559 hac
1256 521 1272 575 ε,
1310 516 1364 558 et
1400 505 1611 573 quidem
1646 503 1940 559 differentia
1982 521 2048 560 eo
2077 525 2190 564 ma-

531 588 613 643 ior
635 587 728 656 est,
773 604 878 661 quo
901 588 1128 661 longior
1159 591 1232 646 est
1252 591 1400 646 tubus
1425 587 1539 648 EF.
1628 590 1795 646 Vnde
1834 606 1942 643 non
1967 594 2194 663 mirum,

533 674 571 730 fi
591 686 843 746 tempora
866 674 1279 732 exinanitionum
1299 693 1367 730 eo
1387 676 1485 729 fint
1510 674 1752 742 minora,
1787 690 1894 745 quo
1918 676 2030 731 tubi
2047 698 2198 736 anne-

535 760 594 817 xi
618 758 734 817 sunt
772 761 1058 831 longioreS.
1156 760 1373 816 Possunt
1407 771 1578 830 autem
1618 755 1753 813 haec
1791 762 1967 816 omnia
1991 763 2200 821 calculo

532 847 773 906 exastius
820 845 1005 901 subiici
1039 858 1147 900 tum
1179 845 1389 902 ratione
1427 844 1772 902 velocitatum
1799 889 1814 918 ‚
1854 860 1967 903 tum
1999 854 2201 910 ratione

528 943 855 1002 temporum.

665 1038 1016 1107 Coroll,111‚
1108 1040 1161 1103 Si
1181 1046 1332 1103 tubus
1356 1040 1452 1103 EF
1473 1045 1531 1101 fit
1558 1045 1827 1104 indefinite
1845 1050 2070 1121 longm,
2111 1051 2192 1105 in·

529 1126 757 1185 uenietur
779 1131 888 1184 alio
918 1131 1198 1186 ratiocinio
1225 1131 1311 1188 sed
1337 1147 1443 1187 non
1469 1133 1695 1189 multum
1719 1135 1945 1191 absimili
1971 1139 2082 1191 talis
2105 1153 2191 1190 ae-

528 1219 709 1286 quatio
734 1214 828 1270 edu
842 1248 891 1257 --
903 1214 991 1273 tdu
1003 1228 1091 1283 -ἦ-
1104 1216 1251 1275 mzudt
1261 1227 1342 1281 -μ
1355 1217 1515 1273 nntdu
1537 1251 1615 1260 —-
1631 1219 1719 1274 udt
1732 1241 1802 1277 z:
1815 1221 1901 1276 edt
1913 1222 2054 1277 -tdt
2071 1240 2155 1284 *l-

529 1300 664 1357 ntdt.

687 1382 872 1442 Coroll.
900 1384 1013 1443 IV.
1106 1381 1159 1443 Si
1185 1389 1344 1446 tubus
1379 1384 1480 1448 EF
1506 1389 1559 1444 in
1593 1384 1645 1448 F
1669 1391 1829 1462 paulo
1856 1392 2089 1465 amplior
2113 1391 2194 1461 fir,

530 1490 693 1547 quam
733 1474 786 1527 in
808 1475 856 1529 E
880 1486 1093 1547 tempus
1141 1476 1459 1549 depletionis
1515 1475 1684 1530 adhuc
1721 1480 1891 1535 minus
1917 1481 2056 1549 erit3
2087 1495 2190 1551 po-

532 1561 628 1615 test
654 1575 785 1614 vero
815 1561 1112 1632 amplitudo
1141 1561 1193 1616 in
1217 1558 1268 1619 F
1292 1580 1361 1619 eo
1386 1579 1549 1632 Vsque
1580 1563 1750 1630 augeri
1786 1605 1800 1631 ,
1848 1564 2021 1618 donec
2065 1582 2198 1638 aqua

526 1647 664 1705 inter
692 1645 1010 1703 effluendum
1038 1647 1281 1706 lateribus
1305 1649 1418 1705 tubi
1440 1649 1803 1710 adhaerescere
1830 1650 2046 1707 desinat.

665 1754 847 1814 Coroll.
879 1753 953 1820 V.
1042 1754 1103 1813 Si
1124 1760 1233 1817 tubi
1258 1757 1358 1821 EF
1381 1760 1477 1814 fint
1506 1760 1738 1815 inclinati
1775 1763 1949 1833 paucis
1981 1763 2201 1819 mutatis

530 1841 674 1900 idem
704 1845 778 1900 est
803 1844 1023 1901 calculus
1051 1865 1067 1915 3
1102 1860 1431 1921 quapropter
1459 1845 1621 1902 hosce
1644 1847 1783 1903 casus
1806 1867 1917 1904 non
1936 1851 2216 1924 attingam*

529 1946 765 2004 excepto
793 1932 913 2002 illo,
956 1948 1061 2005 quo
1085 1933 1241 1988 tubus
1264 1935 1336 1989 est
1362 1933 1630 1990 indefinite
1652 1935 1842 2009 longus
1870 1950 1922 1991 et
1949 1937 2200 1992 horizon-

529 2019 668 2086 talis,
695 2019 813 2089 quia
837 2021 878 2072 is
903 2020 954 2072 in
982 2020 1093 2074 aliis
1116 2020 1489 2075 occasionibus
1511 2022 1625 2077 vsui
1646 2025 1824 2077 venire
1840 2023 2201 2102 potest.Quod

531 2102 567 2159 fi
590 2104 764 2175 itaque
801 2103 1067 2174 cylindrus
1092 2099 1324 2163 ACDB
1349 2104 1465 2177 (fig.
1500 2106 1574 2178 5.)
1607 2124 1734 2177 aqua
1753 2109 1935 2179 plenus
1958 2127 2125 2180 vsque
2148 2113 2200 2163 in
2263 2102 2265 2105 ’

535 2186 655 2244 AB
683 2187 863 2244 tubum
896 2187 1090 2243 habeat
1124 2205 1387 2244 annexum
1426 2189 1808 2246 horizontalem
1837 2190 1972 2259 DE,
2002 2194 2190 2250 indefi-

535 2277 648 2333 nite
670 2275 888 2344 longum
921 2310 935 2342 ,
982 2288 1136 2348 atque
1171 2291 1299 2347 aqua
1328 2275 1381 2328 in
1412 2274 1654 2345 cylindro
1692 2276 2012 2334 descenderit
2032 2297 2197 2354 vsque

536 2364 601 2418 ad
630 2356 760 2416 MN
777 2403 791 2428 ‚
822 2361 873 2414 in
898 2360 1029 2416 tubo
1053 2375 1230 2417 autem
1253 2360 1522 2434 progressa
1542 2362 1693 2417 fuerit
1711 2380 1877 2436 Vsque
1900 2367 1950 2420 in
1974 2365 2027 2424 R
2059 2404 2074 2436 ‚
2113 2368 2190 2422 di·

537 2460 686 2502 catur
710 2439 961 2515 AC:a‚
982 2449 1275 2520 amplitudo
1310 2446 1544 2516 AB:n‚
1578 2449 1824 2507 foramen
1850 2469 1956 2508 :1
1977 2496 1990 2521 ‚
2010 2445 2193 2508 συὶ-’ξπ

541 2545 593 2587 et
619 2531 862 2586 celeritas
898 2548 1059 2603 aquae
1106 2530 1234 2589 MN
1265 2534 1380 2588 talis
1405 2550 1536 2605 quae
1569 2539 1920 2607 acquireretur
1942 2538 2086 2609 lapsu
2125 2556 2193 2594 ex

539 2617 810 2675 altitudine
834 2633 870 2671 v
892 2658 906 2686 ‚
948 2618 1069 2674 dico
1106 2619 1474 2692 aequationem
1506 2621 1636 2677 inter
1668 2620 1719 2677 z'
1741 2636 1795 2677 et
1821 2622 2002 2705 vosore
2027 2623 2192 2679 talem

2133 2727 2201 2771 zu
