2393 3590
521 199 649 289 498
959 188 1659 260 OBSERVATIONES

659 355 863 416 Limbo
888 355 1012 411 nulli
1042 354 1297 408 linearum
1327 350 1507 404 ductus
1537 346 1774 418 insculpti
1804 347 2010 404 fuerunt
2035 364 2186 420 prae.

521 462 604 506 ter
629 443 995 503 transversales
1027 442 1213 494 decem
1242 438 1565 489 minutorum
1594 433 1889 488 intervallis
1924 452 1952 489 a
1977 435 2028 490 se
2051 437 2182 491 invi-

520 554 638 591 cem
664 535 907 588 distantes
931 571 944 595 ‚
992 541 1180 579 eorum
1207 539 1340 577 vero
1372 519 1656 574 subdivisio
1679 520 1731 573 in
1757 519 1956 592 singula
1981 524 2183 580 minuta

520 622 735 678 extabat
760 620 812 671 in
840 630 1002 687 parva
1025 608 1214 682 regula
1247 650 1262 679 ‚
1304 607 1408 663 five
1431 608 1568 663 linea
1596 605 1815 662 fiduciae
1848 623 1980 680 quae
2005 610 2183 667 mobi-

521 712 580 766 lis
607 721 714 762 erat
740 720 837 759 una
865 717 984 755 cum
1015 696 1173 754 tubo,

689 790 941 847 Poterant
961 799 1170 857 quoque
1189 780 1578 837 subdivisiones
1599 777 2013 836 transversalium
2029 781 2190 840 habe-

520 883 561 938 ri
596 897 690 951 per
717 876 961 930 circuitus
987 870 1241 926 cochleae
1266 869 1548 941 perennis3
1586 868 1800 926 Verum
1827 910 1839 935 ,
1882 869 2006 940 quia
2044 886 2178 925 con..

523 967 729 1022 structio
765 964 886 1017 talis
925 959 1056 1014 mihi
1092 960 1244 1013 nimis
1277 956 1580 1028 composita
1623 991 1637 1023 ‚
1695 956 1960 1027 minusque
2000 959 2186 1014 exacta

520 1052 627 1108 visa
655 1050 758 1116 est,
795 1047 992 1103 substuli
1018 1048 1201 1100 tubum
1231 1042 1494 1098 mobilem
1530 1059 1714 1114 resque
1740 1056 1940 1097 ceteras
1969 1043 2035 1098 ad
2062 1060 2186 1100 eum

520 1141 833 1210 pertinentes
863 1173 877 1204 ‚
911 1132 1092 1189 usurus
1127 1130 1239 1186 solo
1286 1131 1418 1185 tubo
1457 1130 1618 1184 lateri
1651 1130 1948 1201 quadrantis
1989 1130 2180 1203 affixe,

518 1225 767 1280 haerente
788 1224 839 1276 in
876 1219 1060 1277 averso
1089 1218 1387 1292 quadrantis
1409 1215 1591 1288 planO.

654 1309 885 1369 Neceffe
915 1307 1014 1364 fuit
1051 1308 1124 1362 ob
1162 1304 1300 1359 hanc
1336 1301 1543 1357 causam
1586 1299 1761 1357 ductus
1813 1301 2193 1360 transversales

521 1396 663 1473 ipsos
696 1399 747 1453 in
789 1396 981 1467 singula
1007 1397 1209 1450 minuta
1245 1389 1423 1465 prima
1455 1387 1790 1443 subdividere
1823 1405 1921 1461 per
1959 1393 2190 1449 circulos

520 1484 918 1544 concentricos,
1011 1479 1094 1542 D,
1117 1480 1350 1552 Vignon
1374 1477 1426 1530 in
1459 1474 1508 1528 se
1535 1472 1747 1547 suscepit
1776 1491 1911 1546 opus
1940 1497 1956 1546 ·‚
2000 1475 2190 1535 sustulit

520 1584 838 1646 apparatum
854 1570 1093 1643 priorem
1117 1580 1222 1637 quo
1237 1576 1479 1619 centrum
1502 1562 1801 1633 quadrantis
1818 1562 2193 1636 instruebatur,

520 1674 573 1717 et
588 1659 842 1714 substituit
866 1656 1116 1710 laminam
1140 1651 1301 1704 latam
1337 1648 1698 1703 orichalceam
1740 1648 1906 1717 plano
1929 1651 2188 1720 quadran-

517 1750 583 1804 tis
613 1744 854 1804 affixam,
943 1740 1009 1795 In
1041 1755 1103 1793 ea
1141 1749 1381 1791 centrum
1416 1735 1659 1801 notavit,
1703 1749 1772 1786 ex
1814 1748 1922 1804 quo
1958 1736 2195 1794 circulos

524 1832 904 1889 concentricos
940 1827 1087 1882 duxit
1123 1823 1284 1879 radiis
1320 1821 1504 1876 debitis
1530 1862 1544 1889 ,
1602 1819 1789 1891 quibus
1826 1816 2102 1879 subdivisio
2136 1823 2194 1880 in

522 1921 714 1990 lingula
741 1919 941 1972 minuta
968 1909 1266 1968 absolvitur.
1354 1904 1511 1979 Quod
1535 1907 1714 1961 attinet
1748 1908 2105 1978 perpendiculi
2117 1908 2193 1966 su-

520 2007 853 2080 spenfionem
870 2038 885 2069 ,
933 2017 1053 2055 eam
1079 2011 1187 2054 tam
1214 1995 1456 2050 subtilem
1484 1992 1804 2048 reddidimus
1832 2011 1986 2065 quam
2007 1997 2190 2068 potui-

526 2112 643 2150 mus
669 2135 683 2162 ,
721 2105 954 2161 namque
992 2098 1179 2140 centro
1208 2081 1540 2138 instrumenti
1574 2080 1940 2150 adaptavimus
1971 2099 2187 2138 mucro-

526 2199 651 2238 nem
696 2175 1017 2234 tenuissimae
1053 2186 1171 2227 acus
1199 2205 1214 2235 ,
1252 2185 1409 2241 quem
1448 2165 1809 2221 circumdedit
1847 2169 2036 2223 annulo
2071 2169 2192 2226 satis

529 2267 714 2340 amplo
742 2263 968 2339 capillus
992 2301 1008 2332 ,
1040 2259 1132 2332 qui
1157 2256 1368 2332 pondus
1405 2253 1489 2310 cui
1506 2251 1684 2328 parest
1710 2252 1961 2325 ferendo,
1995 2272 2196 2330 appen-

530 2353 644 2411 sum
666 2352 848 2410 habet.

665 2438 860 2492 Tubus
897 2433 1172 2507 quadratus
1206 2431 1347 2488 adest
1376 2463 1390 2497 ‚
1429 2442 1535 2501 quo
1565 2426 2006 2501 perpendiculum
2030 2427 2195 2487 inclu-

535 2525 670 2580 ditur
699 2536 752 2576 et
780 2548 805 2577 a
835 2535 992 2575 vento
1016 2532 1210 2579 tuetur,
1297 2513 1439 2588 Quin
1474 2527 1527 2569 et
1567 2517 1628 2570 ad
1666 2515 2009 2570 aestimandas
2037 2534 2194 2587 quam

537 2607 856 2667 exaitiffime
878 2609 1206 2661 minutorum
1227 2603 1603 2660 subdivisiones
1626 2603 1677 2656 in
1700 2600 1931 2674 qualibet
1950 2601 2196 2659 observa-

535 2699 707 2764 tione,
744 2696 851 2748 lens
876 2692 1150 2749 adhibetur
1170 2695 1221 2749 in
1255 2694 1475 2764 regione
1511 2689 1688 2764 capilli
1713 2704 1845 2763 quae
1885 2689 2194 2747 notabiliter

534 2782 852 2859 amplificat.

2014 2857 2196 2923 Ante-
