2393 3590
541 223 625 303 96
1029 213 1141 276 DE
1182 207 1793 276 Tama-creans

472 412 475 415 ·
541 379 634 435 dus
665 380 753 434 est.
839 374 1186 435 Desideratur
1219 372 1359 429 enim
1394 386 1549 425 curua
1597 369 1744 424 omni
1790 357 2196 445 irregularitate,⁴

541 464 839 521 cuiusmodi
868 466 940 519 est
971 464 1169 518 flexura
1192 476 1243 515 et
1269 459 1515 525 reflexiO,
1544 456 1793 514 destituta.

677 551 805 606 XII.
895 549 974 608 Sit
997 563 1155 604 curua
1189 545 1376 603 IEKek
1398 543 1611 599 infinitis
1636 541 1877 615 praedita
1905 539 2201 609 diametris,

277 622 379 667 mg.
402 604 490 657 [11.
542 635 676 706 EA,
714 636 840 707 KL,
866 654 950 706 ea,
982 635 1049 693 kl.
1082 648 1133 689 et
1158 633 1482 688 abicindatur
1506 645 1624 684 area
1647 625 1919 681 DBTI:
1944 629 2199 700 quadran-

542 730 583 783 ti
616 722 812 793 ODH,
848 724 989 778 linea
1037 719 1143 776 ΤΒ
1208 718 1462 791 producta
1520 711 1812 782 asymtotos
1867 712 1967 767 erit
2009 728 2200 769 curuae

541 809 744 879 DNV‚
767 824 818 864 et
844 821 1026 881 tanget
1044 804 1399 860 traieci-oriam
1423 801 1475 851 in
1499 795 1568 865 C,
1582 795 1672 849 vbi
1698 797 1767 851 est
1788 798 2036 869 punitum
2051 799 2203 853 refle-

547 898 740 955 xionis
833 895 1012 950 Portio
1051 905 1186 960 ergo
1211 885 1531 942 traiestoriae
1550 879 1764 951 DMC,
1806 882 1924 938 talis
1948 884 2044 940 erit
2077 926 2092 954 ,
2136 885 2204 939 de

543 1000 643 1056 qua
669 981 743 1034 est
768 979 1001 1047 quaestio
1024 974 1232 1030 numeri
1257 973 1437 1028 axium
1459 971 1577 1024 dati.
1671 967 1825 1025 Haec
1855 985 1990 1025 vero
2022 970 2203 1043 portio

544 1081 627 1125 tot
648 1063 865 1121 habebit
889 1081 1034 1130 axes,
1075 1072 1204 1133 quot
1227 1057 1473 1112 diametri
1498 1054 1692 1109 fuerint
1715 1055 1765 1108 in
1792 1053 1964 1127 spatio
1989 1053 2205 1111 DBTI.

546 1155 676 1232 Quo
702 1152 846 1205 circa
863 1153 912 1204 in
930 1148 1138 1204 arbitrio
1155 1145 1339 1199 nostro
1356 1140 1585 1214 positum
1602 1140 1701 1194 erit
1726 1158 2004 1197 numerum
2031 1143 2209 1195 axium

550 1240 770 1297 definire
796 1238 903 1293 hoc
931 1236 1102 1291 modo
1129 1251 1140 1285 ε
1180 1229 1462 1301 Proposito
1484 1243 1705 1280 numero
1730 1227 1909 1280 axium
1951 1225 2208 1282 abscinda-

551 1342 631 1384 tur
642 1324 858 1397 spatium
878 1319 1081 1377 DBTI
1106 1316 1328 1371 eundem
1353 1314 1740 1366 diametrorum
1767 1327 2209 1366 numerumcom-

549 1410 913 1487 prehendens,
960 1419 1066 1460 tum
1096 1400 1414 1457 describatur
1440 1396 1663 1452 circulus
1686 1391 1864 1452 ODG
1886 1408 2053 1454 tantus
2077 1409 2136 1452 vt
2161 1411 2214 1450 e-

552 1501 629 1556 ius
661 1495 915 1569 quadrans
947 1486 1127 1548 ODH
1167 1489 1420 1558 adaequet
1456 1481 1730 1540 absciffum
1753 1481 1982 1555 spatium
2013 1479 2215 1538 DBTI

558 1581 883 1641 manifestum
927 1579 1003 1634 est
1028 1620 1042 1647 ‚
1090 1575 1197 1631 hoc
1228 1573 1397 1630 modo
1430 1570 1665 1643 generari
1694 1583 1909 1624 curuam
1947 1568 2215 1645 desidera-l

555 1685 678 1728 tam

690 1754 846 1812 XIII.
936 1747 988 1808 Si
1008 1751 1137 1807 loco
1166 1766 1354 1807 curuae
1376 1743 1565 1805 IEKek
1592 1743 1894 1800 adhibeatur
1916 1742 2053 1798 linea
2075 1742 2221 1799 resta

555 1845 653 1919 ipsi
681 1842 784 1899 DB
811 1840 1084 1915 parallela,
1124 1837 1377 1909 quaelibet
1399 1833 1665 1906 applicata
1688 1828 1781 1889 FP
1810 1831 1907 1885 erit
1939 1830 2219 1897 diameter,
2305 1822 2309 1823 ff

556 1948 693 2003 ergo
720 1945 770 1985 et
790 1927 1124 1983 traied‘coriae
1139 1921 1320 1982 DMC
1336 1920 1546 1995 quaeuis
1565 1918 1826 1990 applicata
1849 1917 1952 1970 erit
1976 1916 2100 1971 axis.
2115 1912 2221 1969 At·
2282 1928 2287 1932 ’

560 2018 805 2088 queliaec
841 2016 910 2068 est
941 2014 1030 2066 illa
1053 2029 1207 2066 curua
1233 2012 1298 2065 de
1323 2027 1424 2080 qua
1461 2004 1575 2062 Cel.
1602 2002 1941 2059 Bernoullius
1974 2001 2062 2056 sub
2093 2017 2221 2073 pan-

559 2103 809 2174 togoniae
833 2100 1076 2162 nomine,
1098 2096 1242 2149 fusius
1269 2097 1322 2147 in
1349 2091 1507 2147 Actis
1526 2090 1691 2146 Erud.
1732 2089 1889 2157 1726
1919 2089 2036 2157 egit.
2103 2082 2224 2140 Ae-

561 2188 737 2259 quatio
763 2185 867 2238 eius
894 2196 1132 2235 naturam
1158 2179 1483 2249 exprimenS,
1508 2174 1612 2228 erit
1647 2167 2228 2243 1zaddy2(dx2÷dy2)

561 2273 647 2328 seu
674 2262 1155 2333 dx‘h'q-dfizadajy
1180 2265 1325 2318 cuius
1353 2261 1483 2315 haec
1513 2259 1587 2313 est
1609 2258 1914 2329 proprietas
1931 2294 1944 2325 ,
1961 2272 2041 2328 vt,
2066 2258 2228 2313 radiis

562 2357 848 2415 secundum
871 2355 1039 2409 axium
1065 2350 1407 2406 directionem
1446 2343 1788 2399 incidentibus
1812 2385 1826 2412 ‚
1868 2345 2005 2399 radii
2034 2344 2227 2399 reflexi

566 2461 760 2500 omnes
808 2441 903 2494 sint
941 2441 1076 2492 inter
1100 2435 1147 2489 se
1175 2437 1430 2508 aequales,
1450 2428 1681 2491 Facilius
1716 2441 1889 2484 autem
1916 2448 2080 2487 curua
2099 2431 2230 2486 haec

572 2546 647 2601 fic
674 2539 1028 2604 construetur,
1088 2548 1141 2589 vt
1186 2535 1468 2607 accipiatur
1491 2512 1799 2617 st'sssaffiss'p
1828 2513 2200 2616 etysssssgssss-ffi,
2220 2575 2233 2590 ,

732 2645 897 2701 XIV.
986 2642 1306 2701 Methodum
1337 2642 1472 2697 hanc
1507 2638 1793 2694 inueniendi
1817 2638 2121 2692 traiestorias
2141 2655 2226 2692 re-

580 2735 822 2808 ciprocas
844 2750 939 2803 per
965 2730 1227 2804 duplicem
1270 2730 1635 2801 quadraturam
1663 2767 1677 2795 ,
1719 2741 1829 2779 non
1860 2739 1927 2778 eo
1960 2722 2063 2778 fine
2084 2724 2235 2779 attuli

2176 2822 2237 2865 Vt
