2393 3590
468 89 910 178 AQVARVM
987 93 1534 163 FLVENTIVM.
1727 121 1848 183 307

190 275 241 332 p,
281 270 354 330 32
371 265 421 326 ς.
446 248 571 303 edit.
612 261 665 320 3.
695 246 772 303 his
798 247 976 305 verbis
1007 268 1025 320 3
1051 259 1104 306 et
1119 260 1400 330 propterea
1411 256 1594 330 globus
1616 260 1851 336 rcss‘sten-

186 344 314 399 tiam
324 336 552 412 patitur
578 369 593 402 ²
636 349 770 408 quae
787 330 859 405 fit
881 335 947 392 ad
967 339 1104 406 vim,
1136 357 1243 414 qua
1267 347 1417 396 totus
1443 344 1547 400 eius
1574 357 1739 404 motus
1764 349 1857 405 vel

185 423 512 501 azfferripvfflt
523 421 961 497 velgenerari‚qu0
974 432 1204 498 tempore
1223 427 1344 483 duas
1358 433 1535 486 tertias
1540 444 1730 509 partes
1746 436 1852 493 dia-

184 510 482 585 metrifitae
506 503 826 580 vniformiter
849 511 1190 584 progrediendo
1221 513 1462 588 describit
1487 554 1502 585 ,
1559 529 1624 575 vt
1643 521 1849 598 derfitas

183 598 328 663 medii
360 596 430 654 ad
459 592 753 669 densitatem
778 594 932 666 globi.
1021 599 1124 655 Ista
1161 604 1532 661 conuenientia
1574 611 1847 666 manifesta

183 687 284 741 erit
307 688 396 754 iis,
427 682 508 754 qui
541 679 978 749 significationem
1014 687 1306 744 verborum
1344 687 1609 749 Newtoni
1641 697 1849 752 aflecuti

178 772 379 828 fuerint.
465 763 753 823 Caeterum
781 802 796 835 ‚
827 769 864 824 fi
892 770 1022 828 basis
1050 776 1306 846 ponderis
1329 773 1459 833 MN
1485 783 1673 836 eadem
1695 783 1850 839 fuerit

180 875 301 914 cum
323 855 549 912 seetione
570 855 995 926 perpendiculari
1029 861 1181 915 fluidi
1213 902 1232 932 ‚
1304 876 1461 934 atque
1485 865 1688 940 insuper
1727 887 1847 925 cum

182 944 351 1001 fluido
375 940 598 997 eandem
624 938 819 993 habeat
837 942 1164 1015 grauitatem
1189 946 1523 1021 specificam,
1563 956 1666 1010 erit
1686 955 1842 1030 ipsius

172 1043 445 1119 longitudo
470 1031 626 1117 εξ,
651 1041 907 1113 ponendo
929 1040 1140 1116 semper
1161 1060 1304 1101 αῖς.

328 1156 436 1216 IV.
519 1154 607 1213 Vt
636 1154 1015 1227 experimento
1041 1153 1427 1228 cognoscerem
1454 1174 1576 1213 num
1603 1160 1731 1217 haec
1747 1182 1835 1219 ve-

80 1232 125 1259 *
172 1261 233 1299 ra
265 1245 323 1298 fit
357 1240 724 1296 determinatio
759 1240 1079 1311 preffionum
1132 1243 1416 1297 fluidorum
1439 1285 1454 1311 ,
1516 1248 1847 1307 consideratii

174 1329 337 1384 fluida
366 1344 436 1382 ex
464 1327 707 1398 cylindro
731 1325 1008 1398 perforato
1037 1330 1389 1401 erumpentia.
1478 1328 1844 1393 Demonstra-

174 1428 289 1471 tum
326 1426 506 1468 autem
538 1412 613 1465 est
638 1451 653 1477 ‚
710 1411 849 1482 quod
886 1412 923 1466 fi
961 1414 1191 1485 cylindri
1223 1416 1319 1470 sint
1352 1415 1462 1471 satis
1491 1419 1651 1489 ampli
1691 1424 1778 1477 vel
1805 1425 1842 1481 si

169 1502 375 1572 semper
396 1499 541 1571 pleni
567 1495 971 1567 conseruentur,
1008 1502 1357 1557 velocitatem
1383 1504 1529 1559 fluidi
1561 1522 1844 1580 erumpen-

170 1589 234 1645 tis
260 1587 369 1642 fere
385 1598 584 1641 tantam
608 1583 997 1657 fore,quantam
1013 1603 1169 1658 graue
1183 1589 1349 1644 libere
1362 1592 1604 1645 cadendo
1618 1610 1715 1663 per
1734 1596 1844 1652 alti„

168 1675 407 1731 tudinem
440 1673 586 1729 fluidi
617 1670 765 1744 supra
799 1672 1041 1728 foramen
1068 1676 1307 1748 acquirit.
1399 1673 1475 1730 Sit
1497 1676 1589 1732 ista
1620 1678 1839 1740 altitudo

168 1774 281 1830 :L
313 1811 330 1844 ‚
400 1787 452 1830 et
473 1774 571 1827 erit
593 1753 811 1852 tzfssff
839 1772 976 1826 vnde
999 1766 1244 1853 {²7:4L.
1331 1771 1838 1853 Oporteretitaque

162 1902 272 1960 pro
303 1883 582 1958 hypothesi
618 1881 864 1941 haetenus
897 1882 1118 1939 affumta
1139 1928 1153 1953 ‚
1197 1897 1256 1939 vt
1289 1887 1499 1957 pondus
1523 1890 1669 1960 quod
1697 1907 1836 1949 vena

166 1973 314 2027 fluidi
338 1990 432 2045 per
457 1970 700 2026 foramen
727 1972 1052 2044 erumpentis
1079 1971 1319 2026 sustinere
1340 1974 1520 2044 potest
1549 2010 1564 2042 ‚
1603 1975 1730 2030 effet
1753 1997 1838 2034 ae-

161 2060 309 2133 quale
336 2057 631 2132 quadruplo
671 2058 906 2129 ponderi
947 2058 1170 2130 cylindri
1212 2059 1356 2113 fluidi
1382 2056 1626 2116 foramini
1651 2061 1828 2136 super-

156 2147 518 2202 incumbentis,
560 2144 788 2217 Impleui
814 2146 967 2216 proin
992 2162 1121 2217 aqua
1145 2147 1450 2217 cylindrum
1479 2143 1729 2223 Amfig.
1748 2156 1831 2219 ρ.)

162 2235 303 2289 cuius
327 2234 538 2305 pondus
564 2233 703 2303 prius
729 2231 1138 2302 exploraueram
1168 2249 1266 2287 vna
1295 2249 1416 2287 cum
1443 2234 1649 2289 ratione
1673 2254 1831 2309 quam

160 2320 389 2376 habebat
417 2318 717 2392 amplitudo
741 2314 854 2374 AB
882 2320 946 2374 ad
977 2317 1224 2373 foramen
1261 2319 1510 2374 circulare
1535 2336 1563 2375 0
1586 2357 1600 2389 ‚
1641 2323 1833 2396 imple-

163 2420 376 2481 tumque
415 2402 588 2461 rursus
619 2406 921 2478 ponderaui
949 2447 962 2472 ‚
1011 2402 1236 2462 adeo'vt
1272 2406 1379 2461 iam
1404 2406 1590 2463 scirem
1620 2412 1833 2481 pondus

163 2496 320 2549 totius
347 2490 579 2565 cylindri
610 2492 759 2565 aquei
773 2483 1025 2562 ABDC,
1066 2511 1133 2549 ex
1162 2508 1272 2566 quo
1299 2492 1453 2548 facile
1479 2509 1587 2550 erat
1612 2498 1830 2576 colligg.

169 2594 227 2630 re
246 2583 448 2651 pondus
475 2580 701 2651 cylindri
725 2595 785 2634 or
802 2580 1047 2637 foramini
1069 2581 1587 2654 superincumbentis,
1678 2585 1826 2641 Dein

170 2664 400 2733 regulam
449 2662 568 2725 MG
620 2668 686 2722 ad
735 2667 1098 2738 aequilibrium
1145 2667 1376 2738 positam
1444 2667 1595 2742 super
1652 2667 1828 2725 fulcro

986 2752 1103 2831 Qq
1149 2767 1187 2809 2
1690 2754 1820 2818 inF
