2393 3590
617 98 1246 160 CAPJLLARIBVS.
1646 99 1775 174 283

115 274 248 330 vitra
273 279 324 322 et
347 261 675 318 mercurium
706 274 721 329 3
758 256 824 311 sic
845 299 858 325 ,
892 268 952 310 vt
976 255 1190 311 didustis
1214 254 1469 328 paulisper
1491 256 1678 312 tubulis
1700 259 1764 313 fi-

117 376 247 432 gura
273 336 500 427 guttulae
516 346 786 420 sphaerica
809 346 865 400 in
891 343 1192 417 oblongam
1231 342 1485 413 transeat,
1525 345 1774 419 sequente

113 446 231 501 vitri
248 442 410 496 latera
435 437 698 492 mercurio
724 453 740 506 3

253 523 427 593 Non,
465 524 580 596 quia
619 523 810 576 fortius
836 518 1100 573 attrahitur
1134 520 1309 576 ceteris
1323 521 1541 594 paribus
1569 540 1596 577 a
1629 523 1775 578 vitro

124 615 411 677 mercurius
438 647 452 677 ,
515 625 670 681 quam
697 625 723 661 a
747 605 942 679 seips03
967 604 1051 660 sed
1074 606 1194 678 quia
1219 610 1400 661 maior
1427 611 1502 664 est
1527 627 1775 665 numerus

121 700 492 780 particularum
520 694 927 765 mercurii‚quae
949 693 1139 747 vitrum
1166 696 1767 770 contingunt,quamea·

122 808 276 858 rum,
302 799 424 859 quae
450 798 478 834 a
499 780 547 834 se
571 782 797 836 inuicem
819 781 1085 834 recedunt.
1169 781 1271 839 Hic
1290 787 1435 838 enim
1462 788 1640 840 maior
1664 801 1776 839 non

125 880 212 947 est,
243 887 394 948 quam
418 884 523 940 pro
549 865 848 921 differentia
869 865 1164 936 superficiei
1196 870 1407 937 genitae
1443 888 1510 925 ex
1532 874 1778 925 mutatio-

127 982 192 1022 ne
219 963 413 1035 figurae
436 953 621 1027 prioris
648 972 661 1024 3
695 953 781 1007 iile
807 964 979 1005 autem
1008 951 1291 1022 respondet
1315 958 1543 1026 integrae
1569 957 1782 1030 superfi-

127 1049 216 1105 ciei
237 1046 453 1120 planae,
502 1057 632 1113 quae
658 1040 862 1094 vitrum
887 1034 1160 1106 contingit,
1189 1055 1237 1092 v.
1268 1041 1303 1093 li
1336 1059 1365 1095 c
1416 1063 1467 1114 p.
1496 1058 1575 1121 43
1595 1058 1644 1119 ς,
1728 1043 1784 1100 Si

124 1138 345 1200 hoc,aut
366 1127 537 1183 simile
566 1126 754 1199 aliquid
777 1121 1035 1197 applicari
1068 1123 1134 1178 ad
1167 1140 1352 1196 aquam
1379 1130 1430 1182 in
1454 1130 1779 1200 phaenome-

122 1235 195 1276 no
216 1218 405 1273 nostro
457 1214 559 1295 46.
595 1213 778 1288 potest
835 1254 850 1283 ‚
916 1207 1051 1264 salua
1084 1211 1154 1267 est
1187 1212 1347 1266 etiam
1374 1214 1468 1268 hac
1493 1231 1645 1287 parte
1670 1221 1780 1274 sen-

116 1305 298 1362 tentia.

264 1390 382 1448 LII.
469 1386 842 1462 Difficillimum
866 1385 1157 1445 fortaffisin
1185 1385 1337 1442 omni
1369 1386 1617 1448 sententia
1633 1390 1792 1467 phae-

120 1494 405 1534 nomenon
430 1478 499 1533 est
519 1520 533 1546 ,
563 1477 677 1549 ipsi,
700 1492 858 1548 quem
881 1476 1643 1542 commendauinius‚Au6t0ri
1664 1479 1784 1534 soii-

122 1567 228 1620 cite
252 1563 572 1638 expensum,
612 1564 746 1618 illud
763 1599 779 1631 ‚
797 1564 943 1636 quod
969 1559 1008 1631 ᾗ.
1047 1575 1146 1620 20.
1174 1563 1269 1637 ph.
1297 1577 1400 1624 22.
1426 1569 1794 1622 recensuimus:

129 1661 353 1717 ''Unque
377 1671 491 1709 non
527 1650 697 1706 solum
727 1651 779 1703 in
808 1667 952 1718 aere,
981 1647 1068 1702 sed

480 1750 485 1782 1
515 1738 688 1790 *Etiam
711 1736 759 1789 in
786 1751 950 1791 vacuo
982 1734 1210 1788 succedit
1245 1739 1669 1809 experimentum
1696 1739 1728 1794 1.
1749 1757 1794 1794 e.
1821 1730 2006 1790 Phaen.
2033 1758 2095 1814 49

126 1834 499 1877 memoratum.
588 1815 672 1873 Sit
690 1820 852 1875 tubus
879 1820 1216 1893 inaequaliter
1241 1827 1444 1896 amplus
1460 1861 1474 1891 ‚
1507 1829 1790 1881 etimmer-

129 1919 281 1979 gatur
318 1907 374 1960 in
401 1920 588 1978 aquam
624 1924 746 1961 aere
779 1906 870 1961 suo
898 1919 1185 1982 purgatam
1208 1910 1439 1965 nonnihil
1468 1912 1796 1982 profundi-215,

125 1991 381 2049 madefiat
408 1991 631 2063 superne
651 1993 855 2048 tubulus
877 1997 929 2048 in
951 2006 1222 2062 vacu0,et
1247 1996 1548 2053 extrahatur
1575 1999 1801 2071 aliquan-

125 2091 274 2135 tum:
319 2078 607 2151 apparebit
635 2079 964 2135 altitudinem
991 2082 1259 2153 Vtriusque
1293 2101 1458 2156 aquae
1492 2086 1636 2140 simul
1671 2084 1805 2139 sum-

123 2178 237 2222 tam
265 2164 594 2237 respondere
616 2167 893 2235 altitudini,
927 2185 1059 2239 quae
1082 2171 1332 2225 conuenit
1344 2172 1531 2226 tubulo
1550 2174 1805 2240 angustio-

125 2255 214 2317 ri,
255 2265 309 2309 et
346 2255 518 2311 multo
565 2254 835 2311 maiorem
887 2256 1017 2324 effe,
1066 2271 1225 2327 quam
1267 2273 1403 2330 quae
1441 2258 1683 2331 ampliori
1715 2260 1806 2314 de-

131 2338 302 2397 betur.

283 2424 399 2482 Hic
422 2445 557 2486 vero
587 2432 713 2486 artis
740 2431 836 2500 est,
869 2430 1147 2487 ostendere
1173 2429 1401 2488 caufl'am
1431 2433 1566 2491 faeti.
1654 2431 1805 2492 Situ-

134 2511 283 2570 buius
309 2513 435 2570 effet
460 2517 778 2588 cylindricus
800 2532 970 2587 totus,
1003 2515 1156 2573 facile
1176 2522 1445 2590 negotium
1477 2519 1618 2575 foret
1641 2542 1658 2591 ·‚
1694 2523 1804 2577 dici

138 2601 275 2653 enim
301 2601 478 2674 poffet
508 2639 524 2672 ,
566 2607 828 2661 actionem
856 2605 1178 2677 peripheriae
1201 2608 1258 2664 D
1294 2608 1480 2662 destrui
1507 2626 1603 2678 per
1630 2609 1794 2663 aetio-

140 2700 262 2738 nem
292 2690 623 2764 peripheriae
654 2689 730 2762 C,
770 2694 1010 2763 adeoque
1031 2709 1144 2745 rem
1168 2694 1392 2765 perinde
1412 2694 1534 2761 effe,
1561 2709 1623 2747 ac
1648 2694 1682 2747 si
1713 2711 1807 2749 co-

897 2776 959 2835 N
987 2794 1022 2831 n
1069 2789 1108 2833 2
1611 2779 1802 2835 lumel-

1839 2657 2102 2715 FigXHL
