2393 3590
740 202 858 263 DE
943 203 1461 272 BILANCJBVS.
1867 229 1947 296 45

281 359 565 433 aequaliter
589 359 810 432 distabit,
861 363 1061 419 indicio
1084 363 1205 430 erit,
1239 365 1510 421 axiculum
1533 364 1597 421 ad
1624 366 1841 437 angulos
1862 387 1945 424 re-

276 453 391 507 etos
423 449 524 503 effe
551 448 798 520 positum.

413 535 545 612 Reg‚
580 535 682 592 IX.
772 532 993 594 Axia-uli
1023 537 1387 612 extremastnt
1410 538 1702 613 cigffiidata‚
1756 541 1836 597 ita
1864 551 1955 598 ta-

779 644 913 695 men,
949 635 1016 680 vt
1041 625 1200 699 czqspis
1231 645 1293 682 ex
1328 625 1555 701 inferiori
1575 630 1682 683 acie
1703 629 1952 703 prodeat,

781 722 835 768 et
859 731 964 769 cum
991 730 1046 769 ea
1071 715 1122 768 in
1149 713 1287 769 linea
1309 713 1452 771 rec‘hz
1470 714 1589 789 stet,
1618 713 1716 790 fier
1739 733 1821 771 um
1853 733 1946 772 ve-

777 816 836 854 ro
859 802 908 855 in
934 800 1117 855 decline
1135 802 1291 857 abeat.
1456 857 1460 860 ,

417 897 516 961 25.
604 881 802 946 Fric'tio
827 886 909 941 illa.
947 923 962 954 ,
1026 905 1159 959 quae
1196 888 1440 944 accidere
1466 887 1595 945 solet
1623 911 1689 958 α,
1729 890 1952 963 quando

282 972 423 1027 trabs
447 989 558 1026 non
581 974 631 1025 in
656 974 846 1027 medio
867 973 1051 1043 aginae
1072 973 1247 1028 haeret
1270 1018 1284 1044 ‚
1323 976 1466 1030 vnde
1496 977 1562 1030 ad
1590 979 1798 1046 aginam
1829 979 1962 1045 alli-f

278 1058 358 1113 dit
381 1076 435 1124 α,
472 1057 627 1111 valde
655 1055 1028 1111 detrimentosa
1051 1059 1243 1115 existit.
1332 1059 1636 1133 Coi-rigitur
1669 1064 1756 1118 illa
1798 1064 1865 1137 β,
1913 1065 1952 1120 fi

279 1158 519 1201 extrema
549 1143 747 1199 axiculi
767 1143 1014 1215 vtrinque
1040 1143 1102 1197 ad
1127 1142 1365 1197 lamellas
1397 1149 1647 1216 quasdam
1681 1149 1743 1202 hb
1770 1152 1957 1221 aginae

280 1231 348 1287 ab
395 1243 546 1287 extra
580 1231 919 1305 apponendas
952 1230 1245 1303 impingunt
1267 1272 1282 1299 ‚
1332 1243 1387 1284 et
1427 1232 1644 1304 quidem
1673 1236 1727 1287 in
1755 1239 1951 1304 pune'to

277 1331 506 1385 tantum,
536 1330 598 1371 vt
611 1319 715 1372 hoc
735 1317 855 1385 fiat,
893 1316 1140 1371 conducit
1171 1360 1186 1387 ‚
1233 1316 1457 1390 ideoque
1484 1319 1677 1374 axiculi
1707 1325 1954 1377 extremi-

275 1416 407 1459 tates
434 1401 546 1457 sunt
582 1402 929 1475 cuspidandae
961 1447 976 1472 ‚
1026 1405 1147 1475 quia
1178 1405 1354 1474 itaque
1392 1404 1561 1479 cuspis
1585 1408 1638 1461 in
1681 1407 1794 1461 acie
1829 1407 1903 1462 est
1933 1445 1950 1477 ‚

280 1506 410 1561 quae
434 1501 666 1542 centrum
687 1490 794 1543 axis
818 1488 960 1561 scapi
986 1490 1037 1543 in
1066 1490 1374 1546 vibratione
1393 1492 1775 1565 repraesentat,
1808 1495 1956 1550 ideo-

278 1590 379 1647 que
402 1573 540 1627 nulla
565 1575 676 1628 stre
699 1573 870 1632 frictio
893 1575 980 1631 vel
1008 1589 1216 1633 tantum
1239 1578 1544 1636 insensibilis
1573 1583 1851 1655 contingit.

429 1658 563 1734 Reg.
613 1662 691 1718 X.
777 1659 957 1736 Agiria
988 1665 1466 1738 perpendiculariter
1508 1668 1774 1742 dependeat
1795 1712 1809 1738 ,
1847 1671 1950 1739 ita,

775 1760 868 1817 vt,
889 1750 943 1827 fi
959 1752 1007 1805 in
1050 1753 1268 1824 ztperiori
1292 1754 1459 1810 nodulo
1482 1798 1496 1825 ,
1532 1774 1683 1830 quem
1717 1753 1798 1813 M
1797 1774 1953 1828 arga-

784 1839 960 1894 ritczm
982 1848 1163 1893 vocant
1177 1881 1191 1907 ,
1214 1839 1299 1894 vel
1312 1843 1486 1914 potius
1506 1852 1626 1897 ante
1643 1843 1784 1897 illum
1815 1880 1829 1911 ‚
1863 1844 1940 1913 fi-

781 1924 884 1980 lum
908 1942 1016 1980 cum
1032 1925 1309 2001 pondusculo
1318 1926 1686 2000 figfpendatur,
1716 1926 1839 1984 illud
1849 1926 1940 2001 fo-

781 2028 959 2068 ramen
976 2049 992 2079 7
1018 2011 1072 2065 in
1100 2028 1197 2086 quo
1221 2013 1461 2069 amiculus
1488 2023 1713 2072 mouetur
1729 2051 1746 2085 ,
1785 2032 1950 2072 accu-

785 2108 909 2155 rate
930 2096 1134 2171 bifidas,

407 2185 506 2245 26.
594 2184 919 2244 Obseruatio
945 2186 1075 2241 haec
1104 2187 1399 2244 admodum
1427 2190 1711 2246 necessaria
1740 2190 1839 2260 est,
1858 2189 1946 2247 sed

269 2274 575 2332 difficillime
598 2287 650 2329 et
670 2291 781 2329 non
799 2275 905 2330 fine
927 2291 1123 2347 magna
1153 2279 1448 2336 attentione
1467 2278 1740 2332 obtinetur
1764 2279 1937 2332 inten-

268 2363 364 2418 tio,
437 2360 488 2418 Si
515 2363 655 2416 enim
678 2365 731 2418 in
755 2363 1006 2418 alterutro
1028 2363 1191 2416 latere
1219 2365 1404 2437 aginae
1430 2366 1548 2436 plus
1571 2365 1833 2437 grauitatis
1849 2365 1940 2435 est,

266 2449 475 2505 decedit
496 2449 641 2517 agina
667 2467 695 2503 a
719 2449 815 2504 fitu
839 2449 1302 2523 perpendiculari,
1352 2464 1404 2506 et
1424 2451 1617 2522 lingula
1641 2453 1707 2507 ad
1731 2451 1938 2506 alteru-

265 2550 406 2592 trum
436 2536 568 2591 latus
596 2537 922 2609 margaritae
949 2580 964 2607 ,
1018 2535 1103 2593 seu
1150 2538 1337 2594 noduli
1372 2538 1647 2611 superioris
1693 2539 1941 2600 declinat.

263 2624 385 2680 Irno
410 2636 527 2678 tota
548 2622 725 2678 forma
755 2626 1024 2694 aginarum
1045 2625 1342 2695 vulgarium
1367 2626 1472 2682 hoc
1497 2627 1613 2682 vitii
1639 2625 1794 2683 habet
1818 2669 1832 2696 ‚
1880 2639 1941 2682 vt

259 2709 490 2778 vacillet,
515 2723 565 2764 et
590 2710 739 2765 situm
763 2713 856 2767 fibi
881 2726 1081 2767 mutuo
1111 2712 1490 2788 oppofitorum
1521 2714 1850 2771 foraminum
1877 2732 1934 2769 a-

260 2796 445 2856 xiculo
466 2796 850 2857 destinatorum
871 2802 1030 2860 vitiet.
1112 2881 1167 2945 F

1208 2899 1241 2959 3
1834 2895 1936 2958 27-
