2393 3590
488 45 606 109 DE
647 42 912 106 FRICT.
960 43 1179 108 coma
1222 47 1498 119 somn.
1736 76 1865 147 403

198 210 339 272 &um
383 202 549 260 .venit
602 237 620 269 ‚
712 212 867 273 quam
937 204 1180 277 vtrinque
1235 209 1472 281 peruadit
1529 212 1726 269 arteria
1782 233 1866 274 vs-

196 314 296 370 que
341 294 408 349 ad
453 289 850 346 extremitatem
883 306 1195 363 excurtem,
1222 295 1472 351 vrethrae
1509 302 1681 374 magis
1706 318 1862 373 quam

198 382 370 438 bulbo
408 377 686 433 inseruiens
712 417 726 443 ,
781 376 933 432 ficuti
961 377 1164 436 vascula
1194 384 1615 442 numerofiffima
1647 387 1712 443 ad
1740 405 1862 445 eam

192 464 480 527 transmiffa
515 463 787 521 testantur.
874 460 1111 520 Plurima
1143 486 1314 542 porro
1352 488 1609 528 venarum
1644 477 1854 547 perexi-

188 558 276 628 gui
294 554 478 610 ramuli
492 547 578 603 bul
601 547 673 601 bo
689 551 890 621 egreffi,
914 555 1159 625 vti-inque
1170 573 1364 613 venam
1378 556 1453 616 N.
1483 574 1504 615 1
1527 561 1675 635 5.1ub
1695 562 1860 620 bulbo

198 642 414 701 adlatus
433 633 683 693 vrethrae
709 636 1047 696 incedentem
1077 641 1385 705 efformant.
1434 689 1448 702 .
1494 690 1505 702 .
1540 689 1553 701 .

194 913 342 996 DE
401 914 460 993 F
462 916 736 998 RICT
745 915 1167 1002 IONIBVS
1243 923 1857 1016 CORPORVM

583 1045 634 1127 S
663 1047 741 1128 O
773 1048 843 1128 L
872 1047 901 1128 Ι
933 1045 1014 1125 Ι)
1048 1045 1128 1130 Ο
1156 1049 1227 1130 R
1257 1049 1333 1128 V
1362 1053 1456 1132 M

842 1208 1218 1318 Specimen

620 1362 723 1443 G.
791 1361 874 1443 B.
941 1365 1207 1450 Bulffin
1215 1372 1403 1481 geri.

997 1582 1041 1639 Ι.

514 1691 613 1752 On
639 1695 932 1753 admodum
958 1696 1042 1750 diu
1071 1698 1145 1752 est
1168 1739 1181 1766 ,
1227 1697 1370 1770 quod
1411 1699 1474 1754 de
1514 1693 1567 1753 F
1566 1696 1849 1776 rimonibus
1861 1713 1929 1763 M.
1946 1716 2069 1779 Sept,

555 1802 854 1857 corporum
866 1783 1144 1858 solidorum
1166 1801 1458 1856 coeperunt
1481 1788 1630 1860 aliqui
1654 1789 1977 1845 Erudi-1727·

184 1703 494 1998 N
546 1885 724 1928 torum
751 1873 1111 1927 commentari.
1198 1873 1466 1946 Vulgares
1498 1873 1669 1929 libelli
1705 1875 1845 1930 stati-

542 1962 587 2014 ci
615 1972 892 2032 exponunt
915 1959 1277 2014 machinarum
1311 1962 1444 2015 vires
1478 1959 1718 2034 sepofitis
1749 1962 1836 2017 fri-

164 2047 573 2106 d'tionibuande
599 2046 688 2116 fit,
720 2059 780 2101 vt
808 2062 1039 2119 magnos
1061 2048 1112 2100 in
1138 2047 1288 2118 praxi
1324 2064 1534 2103 errores
1571 2050 1825 2102 commit-

163 2149 299 2204 tant,
336 2137 424 2208 qui
444 2135 803 2210 potentiarum
826 2133 1043 2189 effec‘tus
1060 2151 1127 2188 ex
1154 2133 1274 2188 solis
1304 2135 1408 2188 illis
1431 2135 1630 2209 regulis
1666 2151 1824 2189 com-

162 2235 349 2297 putant
376 2244 386 2279 :
432 2240 541 2277 non
557 2221 675 2276 sane
700 2265 713 2290 ,
750 2222 893 2293 quod
916 2220 1057 2275 fallat
1086 2221 1270 2275 inutilis
1295 2221 1495 2277 theoria
1518 2265 1532 2291 ,
1576 2221 1661 2275 sed
1685 2221 1832 2293 quod

164 2310 385 2379 eandem
420 2312 591 2366 minus
625 2308 958 2380 completam
985 2309 1251 2381 applicari
1289 2308 1351 2363 ad
1379 2323 1621 2363 naturam
1646 2309 1822 2362 conti-

166 2411 260 2470 gat.
357 2395 591 2452 Pretium
618 2396 769 2468 igitur
792 2397 865 2450 est
889 2411 1116 2468 operae,
1150 2412 1279 2467 quae
1309 2394 1691 2463 cognoscendis
1705 2412 1829 2449 cor-

167 2499 354 2553 porum
377 2480 708 2539 fri‘ffionibus
735 2483 1073 2553 impenditur.
1170 2481 1315 2536 Inter
1344 2478 1532 2536 Gallos
1570 2482 1818 2537 Amonto-

174 2569 277 2620 nius
298 2572 654 2638 experimenta
683 2570 908 2623 instituit
932 2603 948 2636 ,
997 2581 1047 2622 et
1087 2569 1449 2623 conclusiones
1482 2569 1647 2622 intulit
1684 2585 1816 2622 non-

171 2651 367 2708 nullas:
399 2672 518 2728 quas
550 2655 755 2714 diuerso
783 2656 1015 2712 instituto
1054 2656 1426 2709 examinarunt
1449 2653 1536 2711 La
1550 2651 1742 2708 Hirius
1766 2667 1824 2707 et

901 2741 952 2800 E
962 2756 991 2795 e
1007 2756 1037 2796 e
1069 2755 1108 2800 2
1631 2737 1828 2796 Parma
