2393 3590
908 159 1410 224 RECJPROOES.
1861 190 1949 250 99

285 342 398 386 rem
425 316 705 394 producit,
737 317 992 374 interdum
1027 331 1203 375 tamen
1238 335 1299 372 ea
1326 318 1476 375 fimul
1513 338 1617 392 pro
1644 323 1757 393 pari
1779 323 1945 381 habe-

289 413 337 469 ri
364 409 564 482 potest,
589 420 648 462 vt
682 400 1055 474 xWaa-i-xm
1086 409 1160 462 est
1184 407 1387 461 funstio
1401 406 1547 463 simul
1563 427 1656 480 par
1679 423 1732 464 et
1752 412 1952 482 impar,

282 498 476 572 quippe
513 496 701 550 eadem
743 510 863 548 cum
893 490 1307 567 ugaaxx-i-ffi),
1336 511 1465 566 quae
1483 497 1551 550 est
1588 514 1698 567 par.
1783 497 1952 576 Quod

289 599 470 642 autem
495 583 558 635 de
593 582 880 635 elevatione
899 578 1180 636 funssionis
1201 583 1335 653 paris
1358 580 1422 634 ad
1441 583 1745 651 dignitatem
1771 603 1954 656 quam-

286 674 362 728 uis
380 669 522 740 supra
553 668 746 723 dicrum
769 667 863 732 est,
902 668 1045 739 quod
1073 670 1311 740 potentia
1335 668 1394 723 fit
1415 686 1621 740 quoque
1636 688 1731 741 par
1747 708 1761 737 ‚
1793 671 1829 725 fi
1850 690 1944 728 ex-

286 771 494 831 ponens
513 753 568 807 sit
595 750 783 808 frastio
805 793 819 818 ,
866 755 1007 807 cuius
1035 754 1414 811 denominator
1435 749 1682 812 numerus
1703 774 1817 829 par,
1833 776 1881 817 v,
1896 778 1949 833 g.

300 849 371 914 -ξ,
401 839 660 898 restric'tio
711 837 1005 893 adhibenda
1030 841 1138 908 est,
1213 840 1305 895 nifi
1340 842 1494 896 radix
1522 862 1581 898 re
1610 843 1722 916 ipsa
1751 847 1953 902 extrahi

1112 941 1126 967 1

288 994 440 1058 queat
476 1022 491 1048 ‚
538 992 595 1033 vt
626 974 1070 1054 (Ξξς-ἤ-ρα-ἦ-κκ)
1098 968 1141 1006 ’Ξ
1167 1000 1276 1038 non
1303 987 1379 1040 est
1410 983 1608 1039 funcrio
1634 1004 1730 1058 par
1749 1024 1765 1055 ‚
1815 1005 1948 1046 con..

285 1096 436 1157 venit
464 1093 605 1148 enim
632 1108 752 1145 cum
786 1089 1018 1172 -Ξ--ὶ-κ,
1108 1094 1198 1150 De
1213 1096 1515 1152 huiusmodi
1537 1114 1704 1155 autem
1732 1102 1951 1162 sundrio„

284 1209 438 1266 nibus
465 1205 720 1261 iudicium
746 1203 901 1262 facile
931 1218 1097 1276 patet.

422 1296 565 1351 XX.
655 1292 937 1349 Praeterea
972 1291 1245 1347 obseruata
1281 1292 1470 1361 dignae
1515 1291 1624 1348 sunt
1667 1295 1957 1357 funcciones

285 1383 636 1454 reciprocae,
685 1395 815 1449 quae
853 1379 982 1435 mihi
1022 1379 1130 1433 sunt
1157 1380 1454 1435 funstiones
1490 1381 1661 1454 posito
1693 1382 1744 1435 in
1782 1383 1951 1456 iis-x,

279 1472 407 1525 loco
432 1483 492 1531 x,
519 1465 767 1519 abeuntes
789 1468 839 1518 in
865 1467 992 1519 tales
1017 1508 1030 1533 ,
1065 1482 1203 1536 quae
1224 1465 1276 1519 in
1301 1466 1414 1520 illas
1437 1468 1619 1523 dustae
1651 1470 1957 1540 producunt

281 1567 537 1620 vnitatem
582 1595 599 1628 ‚
657 1573 717 1615 vt
742 1555 964 1643 (⁰4³⁶)}²‚
999 1581 1150 1636 quae,
1178 1564 1354 1637 pofito
1380 1584 1420 1621 x
1449 1567 1692 1636 negatiuo
1713 1610 1728 1637 ‚
1763 1570 1876 1626 abit
1904 1573 1959 1628 in

762 1614 882 1641 2—OE

461 1666 602 1745 a—x)

460 1726 575 1760 “d-x
604 1665 794 1741 ⁷²,cuius
816 1675 867 1728 in
889 1674 1033 1729 illam
1055 1672 1243 1733 facium
1254 1679 1328 1733 est
1353 1696 1422 1734 3
1437 1691 1458 1732 1
1473 1725 1486 1738 .
1507 1676 1630 1735 Huc
1649 1681 1957 1738 referendae

281 1835 485 1892 quoque
517 1816 630 1871 sunt
668 1817 1075 1888 exponentiales
1111 1815 1212 1886 ax,
1251 1774 1704 1885 (αα-ὶ-χχῖἳεῑε.
1768 1841 1956 1881 omnes

276 1923 474 1977 nempe
497 1902 787 1960 functiones
813 1922 966 1976 pares
991 1906 1229 1960 eleuatae
1255 1907 1320 1960 ad
1340 1903 1635 1962 funstiones
1665 1907 1912 1980 impares,

433 1991 598 2047 XXI.
685 1989 840 2047 Hisce
857 1992 922 2046 de
934 1992 1281 2048 funstionibus
1302 1992 1592 2064 praemissis
1616 1994 1950 2051 manifestum

275 2081 351 2138 est
390 2121 406 2149 ‚
459 2088 500 2152 p
532 2076 635 2132 effe
665 2074 1000 2135 fimffionem
1036 2078 1194 2148 ipsius
1225 2095 1263 2132 x
1285 2081 1623 2150 reciprocam
1660 2122 1675 2148 ,
1740 2099 1865 2136 cum
1893 2083 1956 2137 fit

264 2179 500 2243 pqu
588 2162 1071 2240 Quemadmodum
1105 2179 1284 2220 autem
1327 2165 1620 2221 huiusmodi
1662 2166 1954 2225 funcstiones

274 2256 584 2325 reciprocae
618 2252 963 2307 inueniendae
987 2253 1112 2322 sint,
1145 2253 1291 2308 breui
1329 2253 1611 2307 ostendere
1654 2257 1900 2311 conabor
1932 2279 1949 2326 ·‚

275 2336 384 2395 Sed
411 2340 595 2410 primo
622 2338 689 2393 de
713 2337 1060 2395 fund'cionibus
1083 2339 1538 2412 exponentialibus
1565 2339 1687 2395 nihil
1722 2342 1952 2398 intermi-

267 2425 412 2482 scere
439 2424 729 2494 constitui,
767 2443 889 2482 cum
926 2440 1045 2481 ante
1076 2429 1253 2482 omnia
1281 2427 1604 2482 traiestorias
1644 2429 1952 2504 reciprocas

269 2513 604 2586 algebraicas
646 2530 829 2568 eruere
865 2514 1067 2570 animus
1101 2514 1172 2570 fit.
1281 2511 1643 2570 Postmodum
1670 2529 1847 2574 autem
1883 2520 1949 2576 de

271 2597 724 2676 exponentialibus
749 2601 1005 2673 quaedam
1027 2601 1346 2674 subiungam.

281 1669 415 1730 hanc
440 1678 455 1739 (

422 2728 617 2786 XXII.
708 2731 794 2790 Vt
821 2742 994 2787 autem
1019 2749 1135 2787 rem
1138 2732 1450 2870 lgeneralius
1478 2728 1750 2789 absoluam
1767 2769 1783 2802 ‚
1815 2734 1938 2790 affu-

1238 2830 1275 2873 2
1846 2837 1942 2874 mo
