2393 3590
439 204 512 291 56
572 264 579 274 ,
913 204 1032 271 DE
1113 200 1647 268 BrLANcfflVS.

428 366 487 426 lo
522 384 556 424 z
601 367 909 442 imponatur
934 407 949 437 ‚
993 363 1189 435 absque
1227 359 1455 419 cochleis
1482 380 1533 437 ’γ
1555 374 1608 416 et
1644 359 1926 419 elateribus
1951 362 2011 440 β,
2048 374 2099 423 et

432 456 737 511 obseruetur
763 468 1012 527 quantum
1038 452 1167 510 illius
1196 446 1525 526 lamellulas
1544 467 1573 503 a
1603 449 1731 506 linea
1745 450 1915 506 lucida
1939 471 1974 527 q
1992 452 2103 509 fini..

433 540 566 599 strae
592 543 856 599 auriculae
877 540 1044 597 distet.

587 643 645 709 4.
737 624 910 685 Linea
930 626 1012 684 illa
1033 624 1259 700 lucidaq
1288 640 1395 696 ope
1427 620 1678 679 cochleae
1706 618 1741 674 h
1766 618 2035 680 lamellam
2058 630 2100 699 p

430 728 483 773 et
511 716 754 773 rimulam
790 732 825 791 q
851 712 1412 788 dirigentis‚adducatur
1432 710 1495 765 ad
1516 703 1964 781 lamellulamfex
1981 711 2102 766 bra-

434 803 560 860 chiis
588 803 727 875 scapi
753 803 1128 874 prodeuntem,
1145 812 1197 854 et
1223 814 1341 852 cum
1379 813 1442 850 ea
1474 791 1632 849 faciat
1655 793 1856 846 rectam
1881 796 2100 852 lineam.

579 902 626 964 ς.
714 884 1081 945 Conuertatur
1140 884 1328 953 scapus
1391 892 1444 934 et
1486 877 1798 933 obseruetur
1843 894 2098 955 quantum

431 971 572 1048 scapi
596 975 803 1031 lamella
828 973 990 1027 altera
1030 964 1083 1042 f
1122 968 1276 1025 distet
1321 984 1350 1024 a
1392 964 1588 1022 rimula
1630 982 1665 1039 q
1710 962 1975 1027 auriculae
2014 969 2094 1026 lu.

437 1065 572 1122 eid-a.

591 1140 648 1203 6.
732 1142 999 1202 Dematur
1034 1159 1062 1198 a
1093 1137 1572 1215 praeponderantis
1607 1129 1812 1191 brachii
1846 1137 1990 1213 scapi
2034 1134 2099 1198 A

434 1234 703 1308 grauitate,
729 1246 787 1288 vt
811 1224 1082 1304 lamellas
1100 1230 1367 1284 dimidiam
1396 1238 1607 1300 partem
1632 1226 1856 1296 propius
1879 1228 2096 1286 accedat

436 1325 502 1378 ad
528 1322 725 1376 lineam
748 1317 972 1374 lucidam
1000 1330 1056 1389 q.

568 1417 622 1477 7.
706 1401 867 1461 Linea
903 1402 1075 1458 lucida
1127 1416 1160 1475 q
1210 1395 1425 1456 alteram
1463 1394 1740 1459 dimidiam
1780 1412 1993 1475 partem
2019 1416 2106 1462 ac-

437 1489 676 1549 cessionis
702 1488 1012 1554 absoluat,et
1034 1484 1098 1543 ad
1124 1485 1446 1560 lamellamf
1461 1502 1848 1558 promoueatur
1890 1529 1906 1557 ‚
1940 1488 2101 1546 addu-

436 1581 611 1638 cendo
637 1594 689 1635 et
715 1576 1024 1635 reducendo
1053 1576 1331 1630 cochleam
1363 1572 1468 1628 eius
1496 1588 1806 1647 perpetuam
1821 1570 1867 1627 h.

578 1663 631 1725 8.
718 1662 1074 1724 Conuertatur
1096 1657 1278 1735 scapus
1312 1674 1363 1715 et
1393 1661 1630 1715 videatur
1661 1675 1832 1717 Vtrum
1872 1672 2099 1717 concor-

438 1752 528 1810 det
561 1751 750 1809 eadem
791 1754 926 1809 linea
947 1748 1119 1806 lucida
1154 1766 1188 1823 q·
1233 1765 1354 1804 cum
1379 1744 1706 1821 lamellulas
1734 1746 1949 1803 alterius
1975 1748 2098 1803 bra-

436 1841 540 1896 chii
575 1881 588 1909 ,
621 1840 658 1896 fi
688 1857 801 1896 non
826 1883 840 1911 ,
887 1838 1190 1912 corrigatur
1224 1838 1406 1892 vitium
1435 1852 1502 1890 ex
1537 1848 1658 1890 ante
1699 1833 1957 1892 dictorum
1984 1851 2103 1889 mo·

435 1928 583 1988 uitis,

585 2023 645 2087 9.
732 2008 982 2069 Tandem
1022 2005 1311 2065 omn‘ia'ita
1349 2002 1692 2073 disponantur
1721 2049 1736 2077 ‚
1779 2020 1836 2064 vt
1861 2001 2104 2065 lamellae

423 2098 493 2175 ff
507 2114 760 2173 vtraeque
785 2116 909 2153 cum
939 2099 1170 2166 Vtrisque
1201 2095 1350 2150 lineis
1371 2096 1556 2148 lucidis
1591 2113 1663 2167 qq
1698 2107 1937 2151 accurate
1975 2111 2102 2150 con·

439 2188 649 2241 ueniant
678 2201 729 2241 et
757 2181 1010 2239 conuerso
1031 2182 1194 2236 etiam
1223 2174 1382 2250 scapo
1408 2180 1552 2234 idem
1579 2177 1789 2251 semper
1823 2182 2102 2251 eueniat,et

438 2273 651 2346 quando
686 2268 869 2326 omnia
905 2266 1047 2324 reete
1087 2266 1134 2320 se
1168 2265 1460 2334 habebunt,
1474 2267 1612 2336 scapi
1644 2267 1914 2322 correctio
1938 2281 1989 2321 et
2017 2284 2101 2325 ae-

439 2361 735 2432 quilibratio
771 2359 872 2412 erit
911 2352 1183 2424 absoluta,
1214 2353 1483 2425 lineaeque
1508 2350 1715 2408 lucidae
1760 2352 2102 2410 horizontali-

441 2459 525 2502 ter
552 2460 703 2501 erunt
730 2445 955 2517 positae.

585 2546 675 2589 10.
763 2529 1030 2586 Cochleae
1056 2526 1156 2581 iam
1182 2519 1474 2580 foemineae
1494 2519 1987 2597 absque‘elateribus
2016 2542 2105 2597 ap.

442 2633 707 2692 ponantur
747 2617 813 2671 ad
842 2613 1055 2686 scapum
1093 2654 1107 2681 ‚
1175 2627 1226 2667 et
1252 2629 1318 2666 ex
1356 2625 1542 2666 centro
1574 2613 1831 2683 grauitatis
1854 2611 1992 2682 scapi
2019 2611 2101 2666 seu

446 2707 660 2761 crenula
709 2701 1048 2774 suspensionis
1082 2707 1108 2752 t
1145 2716 1250 2772 ope
1288 2698 1460 2752 circini
1501 2695 1825 2753 mensuretur
1861 2698 1978 2751 situs
2017 2695 2101 2754 seu

441 2793 678 2850 distantia
729 2807 1002 2846 crenarum
1051 2787 1281 2843 cochleis
1324 2780 1601 2842 foemineis
1651 2783 1683 2839 z’i
1722 2779 2000 2840 incisarum
2045 2799 2103 2839 vt

1912 2870 2106 2927 ambae
