2393 3590
189 866 296 925 Μ’,
323 863 455 914 Vm.

509 170 629 250 156
945 161 1324 227 THLORIA
1353 117 1768 227 'MoTVVM

502 328 584 386 vel
603 330 655 384 in
677 308 1382 397 istam-dez-er·'²ds:dr
1403 323 1536 380 fasta
1568 340 1764 397 nempe
1795 341 1984 389 unz-r,
2070 326 2162 385 Ex

501 417 598 473 hac
620 432 751 471 vero
775 413 1001 480 elicitur,
1032 411 1070 466 fi
1096 426 1260 481 7231,
1284 409 1374 465 vel
1402 411 1453 469 R
1477 424 1536 466 vt
1556 429 1664 480 eun,
1704 424 1757 465 et
1779 411 1924 485 Log,
1947 411 2158 490 (2:35,

498 519 739 590 aequatio
765 498 1090 606 νῑὲ-’ΞΞΨ-Ζ,
1131 530 1187 567 er
1220 518 1272 581 u(
1293 498 1783 602 er):V(sfng}z).
1867 499 2079 572 Verum
2106 516 2160 571 in

497 630 606 685 aliis
621 629 933 684 refistentiae
961 624 1336 700 hypothesibus
1356 625 1450 680 vbi
1477 626 1526 681 R
1549 622 1896 677 modificatur
1921 623 2163 680 celerita-

497 717 638 772 tibus
663 716 947 770 actualibus
969 712 1183 768 mobilis
1216 752 1231 778 ‚
1296 711 1390 766 hae
1416 710 1706 763 celeritates
1729 724 1825 780 per
1852 709 2162 777 quantitates

497 803 678 860 finitas
698 802 804 857 hoc
829 801 1002 857 modo
1029 814 1136 851 non
1158 812 1322 865 aeque
1340 795 1495 850 facile
1519 794 1756 850 exhiberi
1778 791 2006 864 possunt.

649 903 750 945 21.
842 884 895 939 Si
939 882 1142 938 mobile
1188 880 1503 937 descendens
1552 883 1600 937 in
1654 897 1958 954 quacunque
2011 897 2161 939 curua

497 971 671 1032 ,ABO
694 983 918 1044 Vrgetur
940 971 992 1023 in
1013 967 1249 1041 quolibet
1268 971 1374 1023 eius
1398 969 1596 1041 punito
1619 967 1665 1023 B
1699 1012 1715 1038 ,
1755 968 1995 1040 potentia
2033 982 2152 1025 tan-

498 1060 689 1134 gentali
715 1102 730 1128 ,
788 1075 943 1130 quam
979 1054 1282 1129 generaliter
1313 1053 1373 1108 T
1400 1054 1728 1123 nominabo,
1762 1071 1889 1124 quae
1917 1054 1977 1108 fit
1999 1069 2057 1109 vt
2079 1057 2159 1125 bs,

497 1147 594 1202 vbi
619 1145 650 1200 b
678 1146 751 1199 est
791 1145 1052 1215 quantitas
1085 1140 1251 1210 aliqua
1288 1142 1529 1195 constans
1555 1183 1570 1207 ,
1601 1159 1627 1194 s
1651 1157 1786 1195 vero
1815 1140 2047 1212 designat
2069 1161 2148 1196 ar-

501 1250 631 1288 cum
662 1247 848 1285 curuae
873 1227 980 1284 ΒΟ
1000 1270 1013 1296 ,
1042 1229 1176 1281 inter
1202 1228 1453 1295 punctum
1482 1223 1758 1281 affumtum
1782 1225 1827 1279 Β
1844 1241 1894 1280 et
1914 1227 2160 1282 infimum

506 1319 586 1378 O.
674 1316 932 1374 Celeritas
966 1313 1178 1369 mobilis
1209 1313 1258 1364 in
1290 1307 1349 1364 O
1387 1313 1629 1382 acquisita
1668 1311 1907 1365 descensu
1943 1329 2010 1367 ex
2034 1313 2159 1369 AO

503 1407 785 1479 incipiente
809 1415 957 1455 motu
983 1418 1009 1452 a
1036 1399 1210 1470 quiete
1240 1397 1288 1450 in
1313 1391 1377 1449 A
1400 1433 1414 1462 ‚
1445 1411 1735 1469 exponetur
1761 1415 1858 1469 per
1892 1393 2057 1455 on
2075 1394 2160 1453 Vb

505 1493 617 1548 etsi
639 1490 847 1547 mobile
872 1485 1166 1542 descensum
1204 1501 1232 1537 a
1270 1484 1440 1554 quiete
1471 1486 1523 1537 in
1547 1484 1592 1538 B
1615 1487 1864 1550 inchoet,
1912 1486 2158 1539 celeritas

503 1579 614 1634 eius
659 1574 897 1631 descensu
931 1591 1025 1644 per
1064 1588 1248 1627 arcum
1272 1567 1379 1626 ΒΟ
1415 1571 1462 1624 in
1496 1568 1554 1628 Ο
1590 1570 1833 1643 acquisita
1858 1585 2158 1644 exponetur

501 1684 602 1738 per
622 1661 832 1720 130wa
862 1680 876 1732 3
922 1673 976 1714 et
1001 1657 1165 1714 ambo
1186 1674 1331 1713 arcus
1361 1653 1484 1712 AO
1507 1670 1554 1711 et
1580 1655 1692 1714 EO
1718 1673 2010 1729 omnesque
2041 1658 2161 1712 reli·-

495 1754 581 1825 qui
607 1751 668 1805 ad
691 1752 939 1822 punctum
956 1743 1016 1804 O
1052 1745 1319 1801 terminati
1346 1786 1360 1809 ‚
1435 1744 1637 1816 aequali
1662 1757 1910 1817 tempore
1936 1760 2150 1816 percur-

493 1851 674 1895 rentur
699 1880 712 1906 ,
761 1835 870 1890 hoc
906 1834 977 1889 est
1016 1851 1175 1888 curua
1206 1827 1376 1887 ABO
1404 1828 1442 1883 Ι
1432 1830 1682 1902 stit-larona
1711 1832 1844 1897 erit,
1885 1845 1937 1886 et
1958 1831 2067 1884 hoc
2088 1831 2159 1886 ita

496 1923 602 1980 effe
628 1925 834 1979 videtur
861 1922 964 1977 fiue
995 1920 1192 1975 mobile
1216 1920 1269 1973 in
1288 1931 1446 1972 vacuo
1466 1932 1769 1987 moueatur,
1799 1915 2156 1986 fiueinPb’m,

499 2012 585 2067 etsi
617 2011 880 2081 potentiae
911 2006 1246 2077 tangentiales
1282 2005 1341 2059 T
1377 2003 1505 2060 aliae
1539 2008 1632 2062 sint
1660 2007 1712 2060 in
1748 2020 1952 2073 vacum
1999 2019 2156 2071 quam

496 2101 545 2156 in
573 2097 760 2153 medio
784 2095 1044 2152 resistenti.
1135 2091 1284 2151 Nam
1313 2091 1366 2143 in
1392 2108 1564 2147 vacuo
1591 2093 1733 2165 ipsae
1760 2090 1819 2146 T
1844 2106 1953 2143 non
1985 2089 2156 2143 modi-

496 2187 727 2241 ficantur
748 2201 844 2256 per
873 2168 1167 2235 celeritates
1182 2178 1397 2234 ac‘tuales
1412 2180 1624 2234 mobilis
1648 2176 2154 2249 u,quemadmodum

499 2274 553 2327 in
581 2272 757 2326 medio
786 2269 1033 2324 resistenti
1060 2268 1173 2332 fiet,
1208 2265 1315 2318 hoc
1339 2277 1518 2320 tamen
1551 2282 1659 2318 non
1700 2263 1946 2318 obstante
1967 2261 2158 2317 Tdt:

498 2361 575 2427 du,
601 2371 654 2411 et
678 2354 1017 2422 Tudtzudu,
1061 2355 1146 2409 vel
1171 2351 1509 2414 Tdszztdu,
1548 2350 1586 2402 fi
1615 2348 1675 2402 T
1708 2349 1942 2421 designet
1970 2363 2158 2419 poten,

499 2447 623 2497 tiam
648 2440 1016 2513 tangentialem
1041 2441 1091 2492 in
1116 2442 1179 2507 Β,
1202 2456 1232 2491 u
1259 2437 1565 2489 celeritatem
1591 2435 1887 2506 acquisitam
1922 2436 1976 2489 in
1997 2435 2042 2490 B
2069 2438 2160 2489 de-

499 2525 674 2584 scensu
699 2525 921 2580 mobilis
944 2540 1013 2576 ex
1041 2540 1165 2576 arcu
1190 2520 1319 2585 AB,
1350 2533 1402 2573 et
1425 2520 1481 2574 ds
1508 2521 1821 2574 elementum
1851 2538 2037 2574 curuae
2050 2519 2151 2590 Bb,

503 2612 986 2687 quomodocunque
1009 2607 1068 2662 T
1090 2609 1422 2678 exprimatur
1447 2625 1542 2679 per
1564 2606 1844 2664 functiones
1876 2606 2158 2663 celeritatis

501 2702 725 2774 aliasque
754 2697 1063 2772 quantitates
1091 2693 1524 2751 indeterminatas
1543 2736 1558 2766 ,
1607 2710 1732 2750 nam
1757 2692 1870 2766 quia
1888 2694 2046 2748 etiam
2084 2695 2159 2749 est

1918 2778 2162 2858 TUWP‘)
