2393 3590
856 169 1399 239 JLLVSTRATJ.
1784 195 1908 264 437

409 332 666 407 Erythrus
688 328 879 385 vrbem
907 347 936 384 a
959 329 1008 383 se
1031 327 1319 386 institutam
1357 328 1445 383 sub
1474 328 1756 386 Mineruae
1790 345 1921 392 tute-

256 427 305 482 la
344 427 441 481 esse
483 420 842 487 voluit,eaque
882 414 1051 469 cauffa
1095 409 1429 471 ΑΘΗΝΑΣ
1464 410 1909 476 ΠΟΛΙΑΔΟΣ

255 510 532 568 delubrum
559 518 610 558 et
635 502 967 557 fimulacrum
993 503 1143 569 deae,
1189 503 1386 558 eximia
1410 504 1802 576 magnitudine,
1829 506 1913 561 se-

255 598 427 653 dentis
461 597 511 647 in
546 590 674 645 solio
695 602 745 642 et
784 587 835 641 in
860 601 1080 659 Vtraque
1115 605 1271 645 manu
1308 591 1525 657 colum,
1574 593 1754 665 capite
1781 595 1909 648 caeli

258 682 453 737 orbem
485 676 738 751 gestantis,
771 674 1040 728 dedicauit.
1126 673 1262 732 Non
1296 675 1400 731 hoc
1432 678 1713 750 quisquam
1746 681 1812 735 de
1830 681 1903 736 E-

259 768 446 838 sythro
467 759 746 836 planiffime
764 762 830 815 ita
849 761 1049 832 prodit,
1069 760 1151 816 sed
1174 762 1445 833 probabili
1465 767 1687 836 quadam
1709 767 1911 822 inuesti-

265 856 472 926 gatione
507 863 684 902 verum
722 859 971 902 tenemus.
1077 844 1233 903 Nam
1275 850 1398 905 illud
1441 852 1769 909 simulacrum
1808 854 1908 909 Mi-

261 955 476 1003 neruae,
521 931 754 1002 Erythris
775 933 976 987 summa
1000 934 1257 1001 religione
1291 936 1752 1007 cultum,Pausania
1777 941 1908 995 iudi-

259 1042 320 1079 ce
343 1067 356 1092 ‚
391 1020 482 1096 (5)
521 1017 727 1075 Endoei
767 1034 906 1088 opus
931 1017 1021 1070 fuit
1045 1035 1056 1069 :
1080 1019 1333 1076 Endoeus
1369 1036 1544 1078 autem
1571 1022 1911 1082 Atheniensis

257 1109 548 1167 Daedalum
577 1103 877 1177 magistrum
905 1101 980 1155 ob
1007 1102 1224 1157 caedem
1248 1102 1372 1160 Cali
1385 1110 1601 1163 exulem
1626 1111 1909 1168 secutusest

253 1198 303 1251 in
331 1194 562 1252 Cretam.
599 1188 686 1265 (6)
715 1191 774 1246 In
799 1189 906 1244 hoc
933 1189 1195 1260 temporis
1228 1191 1365 1260 quasi
1396 1195 1623 1266 vestigio
1650 1201 1794 1268 quod
1821 1218 1909 1255 ve.

255 1280 643 1337 rofimillimum
693 1277 767 1331 est
804 1275 1231 1348 deprehenditur.
1321 1273 1471 1332 Nam
1518 1280 1772 1338 Endoeus
1816 1303 1900 1340 ae-

259 1369 425 1439 qualis
457 1367 525 1421 est
559 1363 813 1419 Troianis
849 1362 1180 1436 temporibus
1207 1404 1224 1435 ,
1269 1374 1329 1417 vt
1369 1362 1640 1420 Daedalus
1666 1367 1836 1424 Minoi
1858 1385 1913 1428 et

257 1451 484 1510 Herculi.
583 1448 760 1518 Itaque
799 1447 932 1502 haud
966 1448 1248 1505 difficulter
1283 1449 1618 1523 consequitur
1643 1495 1656 1521 ‚
1699 1455 1910 1514 Endoei

258 1537 358 1592 hoc
381 1552 510 1606 opus
539 1551 566 1587 a
610 1531 944 1588 Cretenfibus
990 1535 1043 1588 in
1076 1531 1267 1592 Asiam
1292 1536 1439 1593 fuiffe
1471 1540 1819 1612 deportatum
1853 1558 1908 1600 et

259 1623 322 1679 ab
341 1619 568 1693 Erythro
592 1617 895 1674 dedicatum
921 1619 967 1673 in
992 1638 1133 1677 noua
1157 1623 1308 1682 vrbe.
1409 1622 1495 1680 Sic
1524 1626 1589 1681 ab
1610 1628 1726 1698 ipfis
1752 1632 1827 1687 Er
1839 1651 1902 1702 y-

257 1710 480 1764 thrarum
503 1704 726 1761 exordiis
752 1706 992 1762 Minerua
1015 1710 1162 1763 arcis
1192 1707 1404 1784 praestes
1433 1709 1525 1767 fuit
1549 1755 1562 1781 ‚
1598 1727 1654 1767 vt
1679 1714 1909 1773 Liuiano

260 1795 420 1850 verbo
441 1806 543 1848 vtar
567 1827 583 1861 2
629 1794 713 1864 qui
737 1788 983 1848 πολιάδα
1014 1796 1050 1870 3}
1088 1794 1367 1872 πολιὲχον
1389 1797 1698 1855 Mineruam
1725 1802 1797 1857 fic
1820 1806 1898 1859 in-

259 1893 570 1954 terpretatur.
629 1877 711 1953 (7)
741 1877 885 1935 Cum
922 1894 1097 1936 autem
1130 1883 1368 1939 Minerua
1409 1886 1662 1941 omnibus
1687 1888 1738 1941 in
1762 1891 1905 1946 vrbi-

259 1968 345 2023 bus
365 1968 622 2023 coleretur
638 2009 651 2035 ‚
684 1981 793 2020 non
818 1978 997 2022 tamen
1016 1966 1192 2024 Polias
1217 1982 1300 2024 aut
1322 1967 1606 2028 Poliuchos
1629 1971 1719 2027 fuit
1742 2010 1757 2039 ‚
1809 1978 1904 2033 nifi

256 2054 292 2109 s1
326 2071 416 2126 qua
446 2056 495 2108 in
523 2054 653 2109 vrbe
690 2064 777 2107 aut
803 2071 925 2109 arce
949 2054 1167 2112 tutelare
1203 2073 1399 2111 numen
1419 2074 1533 2114 erat
1560 2102 1574 2129 ‚
1616 2064 1902 2134 praecipua

253 2152 302 2193 et
327 2152 437 2194 ante
471 2143 595 2196 deos
630 2142 818 2196 deasue
862 2141 995 2196 alios
1032 2143 1300 2216 religione
1329 2155 1380 2197 et
1406 2145 1691 2202 deuo-tione
1716 2152 1902 2206 ciuium

253 2225 613 2282 consecratum.
696 2223 1112 2304 Ιῐὲῑπολιάοχος
1139 2224 1377 2297 Παλλὰς
1404 2236 1538 2305 apud
1566 2233 1902 2309 CamarinOS,

252 2327 411 2381 quam
441 2310 679 2368 Pindarus
704 2314 842 2369 canit
861 2358 874 2383 ‚
907 2313 993 2389 (8)
1038 2319 1172 2371 ciues
1197 2318 1423 2389 eleganti
1449 2320 1500 2373 in
1537 2338 1706 2377 numo
1727 2323 1893 2395 signa-

252 2410 390 2466 runt,
415 2395 499 2472 (9)
525 2400 591 2454 ita
613 2400 841 2458 Minerua
866 2400 1042 2458 Polias
1068 2401 1335 2474 Corinthi,
1355 2421 1483 2476 quae
1521 2407 1617 2463 vbi
1651 2410 1718 2464 de
1739 2412 1903 2465 tutela

1003 2488 1089 2545 lii
1130 2506 1160 2564 3
1754 2490 1903 2553 vrbis

408 2656 478 2714 (5)
503 2653 534 2699 f·
564 2672 659 2718 534.
682 2657 757 2718 (6)
781 2657 1020 2709 Pausanias
1053 2660 1085 2706 f.
1122 2669 1197 2708 62.
1237 2659 1569 2723 <7)l.XXX1.
1596 2673 1662 2719 30.
1694 2677 1742 2710 et
1776 2664 1906 2722 alibi‚.

257 2714 615 2768 adiPhornutum
642 2723 697 2770 de
720 2740 877 2772 natura
896 2728 1092 2774 deorum
1118 2745 1160 2789 p.
1188 2728 1286 2786 187.
1315 2729 1389 2774 ed.
1416 2727 1526 2774 Gal.
1546 2733 1619 2789 (8)
1634 2728 1904 2792 Olymp-E'.

257 2795 387 2838 ΥΝΊΒ·
415 2786 494 2849 (9)
515 2789 625 2851 apud
648 2789 703 2837 L.
721 2789 1448 2861 BegerumThes.Brandeburg.
1482 2792 1548 2842 T.
1572 2789 1615 2841 I.
1641 2793 1673 2842 f,
1700 2806 1799 2856 378.
