2393 3590
539 147 659 224 308
1032 138 1149 202 DE
1234 137 1700 201 PRESSJONE

533 299 589 354 in
623 295 675 358 F
712 347 725 372 ,
771 299 986 356 oneraui
1043 297 1283 371 pondere
1335 298 1383 352 E
1411 335 1425 364 ‚
1488 295 1627 366 quod
1696 313 1813 349 cum
1874 296 1926 350 in
1980 298 2184 370 aequili-

534 386 653 440 brio
679 387 802 443 esset
827 404 946 442 cum
967 387 1165 456 inipetu
1190 401 1353 437 venae
1375 397 1570 451 aqueae
1593 381 1658 432 ad
1687 381 1974 436 distantiam
2003 402 2186 451 aequa-

525 472 632 527 lem
659 476 722 529 ab
760 471 1158 545 hypomochlio
1184 467 1233 526 F
1262 466 1538 519 incidentis
1567 465 1618 514 in
1652 464 1891 534 regulam
1921 466 2002 539 (id
2037 471 2178 542 quod

532 560 789 631 cognosci
807 555 1209 630 potest,quando
1230 552 1405 622 regula
1425 561 1626 603 tantum
1639 563 1746 602 non
1767 549 2186 625 eleuatur)com·

529 647 707 715 paraui
722 645 840 700 illud
855 660 974 698 cum
1002 640 1236 711 pondere
1263 636 1497 707 cylindri
1522 649 1605 701 or,
1637 647 1690 688 et
1715 634 1820 688 vidi
1843 634 1932 689 ista
1945 645 2184 707 pondera

532 730 633 785 esse
646 732 827 785 exauste
844 731 976 782 inter
994 726 1042 780 se
1067 723 1298 796 aequalia
1319 739 1437 777 cum
1466 736 1643 776 tamen
1667 721 1812 792 prius
1838 722 2185 797 quadruplum

532 814 634 872 effe
662 817 912 871 debuisset
940 812 1176 875 alterius»,
1208 810 1343 863 adeo
1369 822 1427 862 vt
1460 806 1761 880 hypothefis
1775 805 1987 864 affumta
2000 809 2182 866 locum

528 900 730 961 habere
751 919 859 956 non
887 897 1066 972 possit.
1095 896 1536 969 Experimentum
1565 893 1629 950 ab
1658 893 1763 948 aliis
1783 895 1888 948 iam
1919 896 2013 952 fuit
2042 897 2177 956 insti-

535 1000 716 1048 tutum.
2182 974 2185 975 ⁷

611 1076 696 1136 V.
736 1069 792 1131 Si
811 1073 1117 1145 stratapp‚oo
1139 1080 1240 1126 etc.
1265 1066 1379 1143 (fig.
1407 1070 1473 1136 1.)
1487 1066 1709 1124 habeant
1728 1080 1967 1126 naturam
1986 1087 2185 1145 corpo.

531 1178 652 1218 rum
675 1162 915 1218 mollium
937 1194 953 1225 ‚
988 1171 1108 1212 tunc
1133 1155 1412 1210 insistendo
1437 1155 1628 1209 iisdem
1653 1157 1860 1228 vestigiis
1894 1161 2185 1231 reperietur

527 1250 739 1321 pondus
759 1243 886 1303 MN
913 1243 1075 1316 duplo
1092 1243 1277 1295 minus,
1367 1235 1525 1292 Haec
1548 1255 1681 1292 vero
1707 1239 2004 1311 hypothefis
2038 1262 2188 1318 prae-

530 1347 778 1405 tei-quam
799 1332 942 1403 quod
970 1344 1087 1381 cum
1115 1325 1438 1396 experientia
1464 1326 1703 1379 nondum
1741 1331 2014 1383 conueniat
2042 1371 2057 1397 ,
2100 1332 2184 1386 vel

528 1438 598 1476 ex
625 1437 693 1474 eo
725 1432 927 1491 quoque
951 1411 1206 1467 refutatur
1232 1409 1379 1483 quod
1407 1411 1631 1465 vltimae
1670 1414 1960 1481 particulae
1993 1415 2195 1470 fluido-

528 1523 645 1562 rum
672 1519 913 1574 tanquam
941 1498 1182 1553 maxime
1207 1498 1392 1565 durac,
1425 1496 1710 1552 necessario
1743 1495 1944 1553 summa
1965 1499 2188 1554 elastici-

532 1606 638 1648 tate
664 1591 758 1645 sint
796 1584 1080 1658 praeditae.
1168 1579 1223 1638 Si
1259 1584 1477 1656 denique
1502 1582 1829 1654 concipiatur
1865 1584 2085 1639 stratum
2111 1595 2185 1657 pp

528 1677 647 1750 post
670 1670 949 1745 impulsum
973 1669 1114 1725 suum
1136 1670 1185 1724 in
1210 1670 1425 1744 planum
1460 1668 1561 1725 BD
1603 1670 1791 1723 iterum
1827 1671 1961 1725 resta
1983 1669 2184 1725 resilire

521 1762 710 1837 (neque
742 1759 887 1814 enim
920 1757 1091 1812 statim
1129 1757 1193 1811 ad
1219 1758 1348 1812 latus
1377 1755 1582 1811 defilire
1606 1751 1973 1827 potest)atque
1995 1756 2060 1810 ita
2082 1757 2183 1811 im-

527 1850 742 1922 pingere
776 1848 827 1900 in
864 1844 1082 1899 stratum
1112 1845 1426 1914 proximum
1465 1857 1518 1895 00
1549 1856 1599 1896 et
1629 1855 1748 1896 tunc
1775 1841 1988 1898 demum
2010 1844 2187 1914 parti-

525 1935 664 1991 culas
692 1933 964 2003 Vtriusque
987 1930 1135 1984 strati
1165 1932 1229 1986 ad
1254 1931 1409 1985 latera
1442 1929 1658 2002 dispergi
1682 1964 1696 1995 ,
1733 1927 1825 1982 fiet
1843 1940 1899 1983 ut
1925 1929 2079 1983 strata
2102 1930 2177 1985 al-

525 2036 679 2078 terna
711 2016 924 2074 inutilia
964 2017 1247 2086 perdantur
1268 2058 1281 2083 ,
1329 2029 1381 2068 et
1406 2015 1600 2084 preffio
1622 2013 1766 2069 fluidi
1798 2014 1986 2067 iterum
2017 2015 2184 2086 duplo

527 2111 705 2164 minor
732 2106 1008 2173 erit,quam
1025 2118 1153 2171 quae
1166 2101 1505 2153 determinata
1528 2099 1617 2152 suit
1641 2101 1684 2170 ᾗ.
1713 2111 1772 2154 2.
1801 2094 2030 2168 essetque
2054 2099 2182 2153 haec

531 2190 832 2265 hypothesis
856 2188 967 2242 satis
1004 2203 1162 2241 verae
1184 2184 1385 2254 fimilis,
1427 2182 1465 2237 fi
1487 2184 1659 2238 modo
1686 2182 2044 2253 experientiae
2072 2202 2184 2242 ma-

530 2282 609 2349 gis
634 2276 958 2334 conueniret,

613 2365 715 2421 VI.
751 2362 1011 2418 Existimo
1028 2359 1197 2430 itaque
1213 2374 1320 2412 non
1337 2355 1482 2428 posse
1495 2355 1775 2427 preffiones
1785 2355 1867 2411 seu
1879 2357 2186 2415 resistentias

534 2449 822 2503 fluidorum
849 2447 1221 2499 continuorum
1255 2443 1382 2511 fingi
1405 2455 1457 2494 ut
1487 2458 1633 2497 ortas
1671 2445 1738 2499 ab
1777 2445 2059 2516 impetibus
2085 2446 2186 2498 mi-

532 2535 682 2589 nimis
718 2545 770 2586 et
805 2529 957 2601 saepe
996 2530 1234 2599 repetitis
1277 2529 1656 2599 particularum
1696 2531 1995 2584 vltimarum
2024 2530 2185 2585 fluida

532 2617 977 2690 componentium
1007 2635 1022 2688 3
1057 2613 1252 2685 Neque
1299 2614 1441 2668 aliter
1496 2616 1755 2671 actionem
1797 2611 1938 2668 suam
1972 2628 2187 2672 exerunt

535 2706 700 2762 fluida
727 2719 829 2775 pro
853 2719 973 2758 mea
992 2701 1272 2771 opinione,
1310 2716 1464 2772 quam
1488 2701 1799 2770 grauitando
1817 2701 1869 2754 in
1891 2700 2185 2764 obstacula,

531 2793 593 2851 Id
630 2803 800 2848 autem
823 2823 840 2858 2
884 2790 933 2845 ni
971 2785 1146 2860 fallor,
1172 2803 1240 2844 ex
1278 2786 1499 2861 sequenti
1525 2787 1876 2864 explicatione
1909 2789 2187 2859 vnicuique

2021 2891 2189 2931 mam-
