2393 3590
684 94 1295 161 CAPILLARIBVS.
1665 105 1797 182 269

137 260 358 322 tiuncula
389 251 651 329 quaedam
682 270 842 328 aquae
877 250 1162 325 superioris
1185 253 1377 327 poffit:
1406 252 1494 311 sed
1521 251 1644 310 dum
1673 254 1796 310 illae

137 366 323 422 aquam
351 344 691 410 contingant,
741 340 870 396 solui
892 354 1035 409 rete,
1073 353 1128 396 et
1162 341 1481 398 descendere
1506 341 1641 397 hanc
1666 357 1796 414 por-

131 433 417 492 tiunculam
440 442 545 485 etc,
633 424 762 496 Hic,
782 425 970 496 fateor,
996 429 1160 483 videri
1185 429 1345 497 mihi,
1376 430 1519 501 quod
1543 446 1651 483 non
1684 444 1796 482 am-

133 523 273 594 plius
299 531 412 572 tota
430 512 595 569 tubuli
618 512 824 569 interna
848 513 1146 586 superficies
1170 517 1362 593 ¹veniat
1390 518 1444 570 in
1473 528 1791 587 computum

133 609 274 668 Viri.
359 598 498 672 Quid
533 611 663 665 ergo
685 593 706 650 ἓ
732 599 1038 657 Dicendum
1074 604 1173 671 est,
1221 615 1308 657 aut
1341 620 1432 658 me
1467 619 1576 656 non
1603 600 1795 674 assequi

135 705 366 750 mentem
391 686 528 739 cius:
577 697 666 737 aut
685 686 826 741 illam
847 686 935 742 fibi
961 704 1069 743 non
1093 690 1293 760 penitus
1318 689 1792 759 constare3saltem

137 798 244 837 non
271 771 444 833 omnia
467 769 554 823 hic
581 770 678 824 effe
707 774 770 826 ud
797 774 1053 845 liquidum
1083 776 1327 835 deducta.

290 855 567 917 XXXVI.
654 858 904 913 Excoluit
953 858 1274 931 hypothefin
1312 858 1418 919 Vir
1452 860 1786 933 ingeniosuS‚

135 948 405 1009 Ludovicus
422 936 600 995 Carra?
618 978 633 1009 ,
671 945 819 996 cuius
845 946 1096 1000 meditata
1117 947 1227 1019 legi
1252 948 1462 1020 poffunt
1485 949 1536 1001 in
1575 944 1785 1003 Memo-

139 1039 234 1095 νὴ]
251 1027 400 1086 Acad.
430 1025 621 1082 Scient.
644 1024 794 1100 Paris.
824 1030 886 1082 ad
915 1025 995 1082 A.
1049 1041 1231 1103 1705.
1258 1049 1308 1102 p.
1334 1031 1628 1105 317.seqq.
1658 1036 1792 1090 edit.

134 1124 295 1178 Batau
384 1113 607 1170 Summa
640 1115 745 1169 huc
786 1115 1012 1170 redeunt
1044 1117 1230 1189 capita.
1317 1113 1489 1170 Primo
1528 1119 1791 1175 adhaefio-

127 1220 240 1261 nem
284 1219 444 1275 aquae
484 1201 551 1257 ad
575 1201 681 1256 tubi
721 1203 891 1256 latera
916 1245 930 1270 ‚
974 1204 1312 1274 eiusdemque
1339 1203 1403 1257 ad
1429 1203 1787 1261 eleuationem

119 1306 282 1362 aquae
307 1288 612 1345 concursum
637 1306 704 1343 ex
730 1305 797 1344 eo
822 1287 1046 1360 probat,
1090 1291 1359 1361 quoniam.

346 1374 436 1447 36.
459 1372 518 1430 Si
544 1374 670 1428 sebo
691 1375 968 1447 liquefacto
994 1377 1236 1430 internos
1261 1373 1422 1430 tubuli
1445 1377 1674 1446 parietes
1709 1378 1783 1432 in-
1803 1387 1981 1451 Phae„⁸
2004 1395 2084 1470 35

112 1461 352 1530 unxeriS‚
393 1478 501 1516 non
524 1458 757 1516 ascendit
779 1478 912 1533 aqua
951 1463 1181 1519 interior
1217 1462 1355 1517 vltra
1389 1461 1630 1519 libellam
1659 1481 1778 1520 cum

111 1550 388 1608 exteriore.
1798 1613 1801 1616 ,

342 1647 431 1707 37.
457 1633 646 1709 Atque
675 1636 711 1692 fi
744 1650 954 1708 partem
999 1638 1166 1696 solum
1204 1637 1497 1711 superficiei
1541 1639 1784 1694 internae

112 1723 182 1778 fic
205 1723 424 1778 illeueris
453 1744 464 1778 :
502 1742 630 1796 aqua
675 1742 742 1779 ex
766 1740 833 1778 eo
858 1725 1024 1779 latere
1062 1744 1170 1779 non
1198 1726 1525 1796 eleuabitur3
1556 1726 1780 1780 eleunbi-
1884 1699 1983 1759 37·

111 1824 188 1866 tur
207 1825 378 1865 autem
401 1829 469 1866 ex
491 1813 691 1880 altem,
725 1829 829 1883 quo
860 1812 984 1866 nihil
1022 1811 1126 1867 sebi
1151 1812 1355 1867 tubulus
1382 1814 1604 1882 accepit.

345 1895 433 1968 38.
471 1894 789 1962 Praeterea,
836 1898 872 1952 fi
898 1896 1209 1970 profundius
1240 1915 1402 1970 aquae
1427 1900 1776 1966 immergatur

104 1984 260 2041 fistula
286 2028 300 2054 ,
336 2003 493 2057 quam
527 1986 653 2040 sebo
679 1986 837 2040 vntsta
861 1988 931 2041 est
951 2028 967 2053 ‚
1009 1985 1250 2041 ascende-t
1278 2002 1412 2057 aqua
1436 1983 1590 2056 supra.
1610 1985 1762 2065 libel-
1891 1939 1967 2015 38

103 2075 204 2129 lam
227 2074 275 2127 in
296 2072 495 2143 tubulo.

329 2174 423 2234 39.
508 2159 754 2233 Denique
775 2202 788 2229 ‚
833 2159 871 2213 fi
910 2161 1102 2230 guttula
1141 2178 1301 2233 aqu-ae
1322 2177 1419 2233 per
1441 2159 1764 2214 exteriorem
1888 2204 1914 2263 3
1934 2207 1975 2265 9

98 2248 289 2303 fistulae
311 2247 645 2318 superficiem
660 2248 1037 2311 descendatiilla
1055 2248 1241 2302 tubum
1264 2246 1468 2300 intrabit
1491 2244 1687 2315 dilapsa
1701 2247 1762 2300 ad

94 2350 248 2406 vsque
267 2335 511 2390 infimum
535 2335 641 2388 eius
666 2335 954 2396 orificium,
975 2335 1008 2387 fi
1030 2334 1155 2388 sebo
1170 2351 1276 2388 non
1306 2334 1541 2387 inunctus
1567 2332 1754 2405 fuerit3

91 2421 163 2475 fin
185 2422 360 2489 fuerit,
387 2439 498 2475 non
526 2423 704 2493 vtique
728 2423 856 2477 haec
886 2421 1084 2494 guttula
1110 2422 1342 2475 fistulam
1371 2419 1715 2491 ingredietur.

232 2508 459 2566 Secundo
473 2507 636 2581 ipsam
662 2509 964 2564 eleuationis
988 2509 1377 2563 oeconomiam
1406 2508 1473 2561 fic
1498 2508 1757 2576 concipit:

90 2590 238 2648 Dum
260 2599 370 2654 vitri
392 2596 677 2667 parietibus
703 2597 948 2652 adhaeret
973 2598 1222 2664 contigua
1249 2611 1405 2666 aquae
1429 2594 1617 2664 portio
1641 2610 1653 2644 ε
1682 2595 1753 2647 su-

94 2681 432 2740 stentaturilla
450 2720 464 2753 ‚
496 2697 548 2738 et
571 2684 743 2739 minus
779 2683 995 2753 grauitat
1028 2683 1077 2735 in
1117 2679 1331 2737 fundum
1364 2682 1493 2735 vasis
1526 2715 1546 2748 2
1592 2696 1747 2750 quam

876 2768 1041 2842 Ll3'
1637 2766 1755 2820 col-
