2393 3590
773 145 1189 211 PRVSSICA.
1407 126 1419 131 ⁷
1717 172 1844 244 477

187 309 374 365 litteras
399 307 678 371 reducere,
715 301 831 359 vsus
857 305 928 359 est
953 305 1093 360 enim
1114 304 1284 360 numis
1322 303 1594 379 principio
1631 322 1834 371 trunca·

189 398 252 452 tis
271 398 433 450 littera
462 411 584 460 vna,
603 405 659 444 vt
679 408 862 445 numus
889 392 1015 446 alius
1041 408 1286 447 extremo
1315 408 1462 449 caret
1500 398 1637 467 apud
1663 395 1844 455 Nico-

182 487 327 540 luum
355 482 626 552 Haymum
649 477 972 533 Romanum,
1012 483 1065 547 (1
1088 484 1140 547 1)
1170 476 1341 550 Apud
1355 477 1485 553 Hay
1499 499 1645 537 mum
1664 500 1844 543 tamen

184 573 223 626 is
251 568 355 640 ipse
380 584 560 623 numus
595 605 607 631 ‚
652 577 805 632 quem
838 563 1133 619 Demetrio
1174 566 1473 640 inscriptum
1505 569 1842 629 Montefiilco

184 655 422 722 exhibet,
450 649 656 719 integris
688 648 872 704 litteris
908 653 1162 706 omnibus
1200 657 1475 724 reperitur.
1579 657 1664 732 (1)
1695 656 1840 716 Huic

185 744 271 798 vni
304 757 472 815 numo!
488 735 697 792 multum
737 735 989 794 debemus
1013 782 1026 807 ,
1071 757 1169 794 nec
1189 739 1566 812 desperandum
1591 746 1679 813 est,
1695 747 1746 800 in
1760 765 1842 803 re-

187 827 442 885 stituendis
461 821 643 878 litteris
679 819 974 880 Phoeniciis
997 826 1299 899 progressus
1324 829 1546 897 insignes
1568 821 1701 886 flers
1711 850 1841 906 pos.

181 915 232 970 se
256 956 271 982 ,
305 914 340 968 si
365 912 471 985 quis
494 909 611 964 huic
633 912 851 981 negotio
881 910 931 963 se
954 913 1127 967 dedat.
1188 912 1426 970 Litterae
1454 929 1628 971 autem
1651 918 1828 975 Phoe-

183 1001 376 1056 nicicae
396 997 625 1050 minores
661 994 864 1048 exstant
888 997 935 1047 in
964 1000 1399 1064 numis‚maiores
1425 1006 1831 1080 quadrataeque,

179 1085 319 1140 forte
359 1095 410 1138 et
446 1082 758 1153 antiquiores
797 1081 848 1133 in
894 1084 1256 1136 monumentis
1304 1085 1659 1159 Palmyrenis
1771 1095 1835 1150 In

177 1184 356 1226 monte
382 1167 515 1225 Sinai
539 1184 744 1241 quoque
767 1166 951 1221 incisae
978 1165 1086 1220 sunt
1103 1167 1317 1222 litterae
1352 1206 1368 1237 ‚
1446 1192 1569 1244 quas
1594 1169 1832 1236 Cosmas

175 1255 586 1327 Indicopleustes
620 1253 894 1308 Iustiniano
932 1253 1229 1324 imperante
1254 1256 1406 1309 vidit.
1506 1259 1701 1316 Earum
1734 1267 1823 1321 ali-

175 1361 299 1415 quas
335 1340 652 1397 Athanasius
668 1339 947 1395 Kircherus
973 1341 1026 1393 in
1063 1341 1367 1413 prodromo
1408 1341 1600 1415 Copto
1628 1361 1678 1402 et
1701 1349 1823 1407 Oe-

174 1430 301 1500 dipo
323 1429 510 1493 edidit,
546 1426 660 1479 alias
687 1441 899 1478 mecum
926 1428 1337 1483 communicauit
1375 1429 1686 1489 clarissimus
1712 1435 1831 1492 La-

174 1512 342 1569 crosus
371 1530 404 1565 e
441 1510 640 1564 schedis
673 1511 947 1582 Egmontii
969 1513 1034 1566 de
1064 1512 1377 1588 Nyenborg
1399 1517 1599 1575 nobilis
1618 1520 1828 1594 Bataui,

173 1602 261 1674 qui
293 1614 426 1654 anno
460 1598 538 1652 clo
561 1595 822 1655 laccxxi.
855 1616 941 1654 eas
979 1600 1044 1654 de
1078 1602 1295 1673 rupibus
1322 1601 1466 1660 Sinai
1508 1611 1703 1664 montis
1727 1613 1829 1666 de-

168 1685 452 1759 scripserat.
537 1681 697 1738 Plane
722 1699 905 1742 autem
936 1702 1059 1740 cum
1087 1686 1425 1744 Phoenicicis
1449 1732 1463 1759 ‚
1489 1705 1548 1746 vt
1573 1694 1629 1748 in
1657 1699 1829 1753 numis

167 1775 364 1830 exstant
391 1809 407 1841 ‚
455 1771 788 1827 conueniunt.
897 1771 1252 1830 Phoenicicae
1283 1776 1485 1833 litterae
1518 1780 1570 1833 in
1592 1778 1825 1839 Persium

168 1877 371 1935 quoque
391 1860 831 1930 commigrarunt,
875 1871 931 1914 vt
963 1860 1092 1915 alibi
1126 1881 1156 1915 e
1195 1861 1460 1918 Diodoro
1488 1863 1676 1920 Siculo
1701 1886 1823 1923 mo-

166 1948 260 2004 nui.
325 1943 573 2018 Apparet
588 1946 638 1999 id
659 1946 824 2000 ctiam
848 1963 919 2001 ex
942 1947 1367 2021 inscriptionibus
1389 1945 1820 2023 PersepolitaniS.

165 2033 264 2091 Ab
284 2034 375 2101 hac
409 2034 564 2106 stirpe
586 2027 869 2089 Parthicae
896 2050 1107 2107 quoque
1131 2035 1333 2092 litterae
1373 2037 1818 2113 propullularunt‚

162 2121 340 2195 quibus
365 2121 427 2174 ad
450 2119 584 2175 hanc
607 2137 771 2192 Vsque
796 2134 1022 2177 aetatem
1042 2117 1224 2192 Gauri,
1240 2124 1536 2197 Magorum
1564 2127 1820 2200 reliquiae,

160 2206 327 2279 pulsae
348 2224 413 2261 ex
431 2207 593 2262 Persia
614 2209 824 2280 quidem
862 2251 878 2278 ‚
944 2209 1031 2263 sed
1059 2211 1110 2264 in
1132 2211 1283 2266 India
1308 2226 1572 2284 receptae,
1585 2227 1819 2270 Vtuntur.-

161 2293 363 2349 Primus
386 2311 467 2348 eas
490 2294 739 2350 Thomas
773 2295 930 2367 Hyde
957 2296 1244 2370 Europaeis
1276 2298 1516 2352 ostendit.
1605 2297 1817 2356 Arme-

157 2382 212 2437 ni
236 2394 288 2434 et
312 2378 529 2435 Persicis
562 2395 612 2436 et
636 2377 866 2438 Graecis
893 2384 1073 2439 litteris
1095 2380 1202 2439 funt
1221 2385 1319 2454 vsi,
1352 2385 1481 2440 teste
1497 2385 1649 2441 Mose
1667 2385 1816 2444 Cho-

154 2466 352 2521 renenfi
373 2468 424 2522 in
453 2471 751 2541 genealogia
791 2467 1094 2525 Armenica
1122 2473 1462 2543 posterorum
1491 2471 1669 2545 Iapeti.
1722 2470 1812 2548 (2)

153 2552 207 2610 Is
228 2552 315 2609 suo
337 2567 578 2628 tempore
601 2558 799 2614 vetusta
823 2558 1250 2631 prouinciarum,
1293 2559 1810 2631 vicorum‚aedium‚

845 2638 1007 2700 Ooo
1061 2660 1091 2719 3
1700 2650 1813 2718 pri«

217 2725 262 2779 (1
281 2722 328 2777 Ι)
358 2720 652 2773 N-Thesoro
676 2723 930 2773 Britanico.
953 2741 985 2774 t.
1007 2726 1047 2774 I.
1074 2745 1119 2793 p,
1160 2737 1264 2792 1705d
1330 2730 1399 2788 (ι)
1441 2740 1475 2775 t.
1500 2725 1539 2775 Ι.
1575 2744 1621 2793 Ρ.
1643 2739 1748 2774 100,

138 2782 229 2847 (²)
259 2804 301 2852 P·
330 2802 371 2843 9·
397 2804 502 2848 410·
534 2793 607 2841 ed.
635 2791 891 2842 Anistelod.
