2393 3590
655 74 1272 140 CAPILLARIBVS.
1659 91 1781 158 '277

131 246 322 300 stanter
357 235 524 294 visum
551 234 653 301 est,
681 233 962 306 angustiam
987 233 1150 289 tubuli
1168 224 1358 304 magis
1379 232 1558 291 fauere
1579 236 1784 308 suspen·

129 332 256 388 fioni
293 327 554 399 liquorum
583 357 596 386 ‚
639 337 791 391 quam
825 319 1246 392 amplitudinem.
1332 318 1650 379 Audiuimus
1672 325 1783 381 Βο-

126 416 313 470 rellum
342 415 385 487 ᾗ,
433 424 526 487 34.
552 421 603 461 et
633 404 899 463 Carreum
927 402 969 475 ᾗ.
1007 405 1102 482 36.
1125 407 1212 463 cui
1243 407 1374 464 adde
1406 411 1544 467 dicta
1573 411 1797 467 Illustris

127 497 419 564 Historici,
457 497 520 551 ad
543 490 604 547 A
668 504 846 567 1705.
876 512 927 565 p.
961 510 1058 569 30.
1088 497 1237 554 med.
1325 496 1794 554 Incubueruntsci-

124 588 256 643 licet
279 586 407 644 Viri
431 579 663 636 industrii
685 581 806 636 huic
835 596 991 637 curae
1021 596 1080 638 vt
1102 584 1368 639 maiorem
1403 586 1456 640 in
1483 585 1663 642 fistulis
1699 603 1789 641 an-

131 671 442 750 gustioribus
475 665 800 723 altitudinem
826 669 1193 741 explicarent:
1239 667 1350 727 Cur
1386 688 1497 728 non
1522 674 1681 728 etiam
1703 673 1790 743 illi,

129 775 192 819 vt
220 760 477 815 maiorem
502 769 666 825 aquae
691 756 1036 827 quantitatem
1070 758 1125 813 in
1149 756 1492 831 amplioribus
1516 757 1710 817 tubulis
1739 776 1792 813 e-

130 849 355 905 leuatam
385 842 698 897 reducerent
734 843 789 895 in
825 845 1179 900 concordiam
1207 842 1483 903 sententiae
1511 841 1662 902 suae?
1690 847 1793 902 Ea-

135 935 261 990 dem
295 931 363 985 est
400 929 454 983 in
487 939 719 999 Vtroque
745 926 997 984 tuborum
1024 947 1223 1002 genere
1244 929 1546 1004 superficies
1572 934 1788 987 interna:

126 1016 185 1076 Si
218 1015 426 1072 facilior
454 1014 528 1068 est
572 1014 625 1067 in
665 1012 1043 1085 angustioribus
1069 1016 1343 1087 adhaesio,
1369 1037 1464 1076 cur
1489 1021 1604 1094 plus
1630 1036 1793 1093 aquae

130 1102 376 1161 adhaeret
397 1101 738 1173 amplioribus
761 1095 783 1154 ζ

258 1190 467 1246 XLIII.
558 1187 779 1243 Posi‘ent
808 1187 961 1258 plura
986 1188 1108 1243 addi
1139 1187 1387 1261 specialia
1420 1231 1435 1257 ,
1490 1190 1792 1247 cuiusmodi

121 1277 297 1331 forent
330 1276 397 1330 de
433 1274 615 1330 tubulis
643 1275 740 1328 sibi
776 1288 960 1331 mutuo
985 1276 1207 1344 insertis,
1226 1275 1318 1330 vbi
1342 1276 1550 1332 calculo
1582 1294 1691 1331 non
1713 1281 1789 1333 vi·-

120 1365 264 1418 detur
289 1381 409 1417 cum
448 1363 775 1431 experientia
819 1363 1102 1416 conuenire
1131 1383 1149 1432 3
1182 1362 1269 1417 vel
1295 1364 1388 1417 vbi
1414 1364 1618 1419 tubulus
1648 1365 1792 1419 adhi„

122 1448 273 1503 betur
299 1448 584 1520 inaequalis
604 1447 692 1503 sub
718 1464 850 1519 aqua
878 1450 1267 1521 amplitudiniS‚
1303 1466 1355 1513 et
1377 1450 1579 1520 similia,
1605 1452 1792 1520 quibus

121 1535 256 1591 nolo
279 1534 577 1589 immorari.
675 1531 729 1590 Si
754 1537 865 1607 quis
889 1539 1063 1606 enim,
1101 1555 1236 1609 quae
1258 1538 1504 1594 hactenus
1533 1539 1790 1613 dixi‚sciat

120 1640 243 1677 cum
264 1621 550 1696 hypothesi
573 1613 864 1692 Carreana,
884 1625 1067 1680 rectius
1092 1622 1314 1679 fortassis
1332 1625 1593 1682 intellecta
1607 1668 1620 1693 ‚
1639 1643 1789 1683 com-

121 1709 297 1765 binare
328 1746 343 1778 ,
381 1711 448 1766 de
484 1710 675 1765 ceteris
706 1725 818 1763 non
848 1709 1074 1781 despero
1104 1711 1517 1784 phaenomenis.
1609 1713 1781 1770 Vide-

115 1798 213 1854 rint
239 1797 419 1871 itaque
448 1836 462 1866 ‚
514 1797 700 1869 quibus
736 1796 793 1849 id
819 1797 1020 1869 volupe
1047 1800 1149 1865 est,
1185 1816 1252 1853 an
1277 1797 1411 1853 refft'e
1443 1798 1784 1855 intellexerim

119 1882 369 1941 meditata
389 1884 551 1951 Viri,
599 1899 648 1938 et
673 1882 1082 1961 conseque-nter,
1131 1904 1219 1953 an,
1264 1903 1397 1956 quae
1420 1887 1503 1940 hic
1530 1887 1697 1954 attuli,
1723 1890 1785 1942 ad

109 1987 228 2027 rem
256 1966 1075 2045 pertineant,ve1iecus3Faciie
1104 1973 1295 2026 cedam
1308 1974 1530 2030 rectiora
1552 1988 1779 2028 monen-

114 2057 260 2114 nbus

257 2145 482 2207 XLIV,
573 2142 815 2216 Superest
837 2147 1008 2200 tertia
1033 2148 1449 2218 explicationum
1474 2140 1789 2220 clafflsfiup„

114 2235 345 2306 pedit-ant
376 2234 524 2288 iliam
554 2232 857 2307 Philosophi
891 2235 1103 2306 quidam
1133 2232 1291 2306 Angli
1311 2278 1324 2299 ,
1367 2249 1490 2306 gens
1510 2231 1776 2288 mensura-

104 2337 234 2374 -rum
271 2334 323 2374 et
364 2319 704 2374 curiosissima
741 2333 791 2374 et
834 2319 1174 2377 scientissima.
1263 2322 1340 2377 Illi
1377 2318 1604 2374 caussam
1635 2320 1784 2376 huius

117 2406 477 2476 phaenomeni
515 2421 766 2479 quaerunt
802 2410 853 2461 in
890 2410 1198 2464 attracstione
1243 2424 1536 2481 corporum
1588 2421 1780 2462 mutua.
1830 2481 1832 2485 r

119 2485 374 2550 Creditur
395 2497 530 2549 enim
547 2536 561 2564 ,
608 2513 637 2550 a
659 2495 796 2548 vitro
819 2512 1007 2567 aquam
1029 2495 1120 2552 fibi
1141 2498 1454 2570 proximam
1479 2493 1696 2564 attrahi,
1730 2509 1785 2549 et

124 2580 299 2634 attrahi
320 2579 526 2650 fortiUS,
569 2598 724 2652 quam
749 2599 878 2653 aqua
899 2585 1121 2639 trahitur
1141 2580 1206 2637 ab
1234 2601 1366 2654 aqua
1393 2601 1403 2636 :
1448 2583 1534 2637 Ex
1564 2580 1783 2636 aduerso

122 2670 447 2725 mercurium
459 2665 591 2725 trahi
613 2668 831 2742 quidem
852 2687 879 2722 a
895 2672 1067 2737 vitm,
1102 2669 1190 2725 scd
1208 2672 1340 2727 trahi
1357 2669 1600 2735 debilius,
1625 2683 1783 2738 quam

885 2756 1024 2813 Mm
1075 2771 1106 2830 3
1592 2771 1621 2808 a
1648 2769 1786 2809 mer-
