2393 3590
148 1872 261 1921 Tab.
297 1875 378 1926 VI.

463 219 547 282 62
960 216 1079 278 DE
1165 216 1690 284 BILANCIBVS.

463 392 569 444 ma,
603 375 665 431 ita
699 387 876 431 tamen
901 388 959 432 vt
996 373 1100 431 duo
1140 393 1340 435 cornua
1371 380 1712 451 promineant
1737 393 1809 432 ex
1829 376 2124 451 latitudine,

464 463 532 518 ad
565 465 1068 520 circumducendam
1108 466 1398 521 cochleam.
1507 462 1631 520 Hae
1653 465 1898 521 cochleae
1929 465 2120 521 foemi-

461 566 664 620 neaeyy
690 565 740 605 et
767 567 830 606 uu
855 554 910 606 in
932 551 1264 626 longioribus
1283 552 1517 609 cochleis
1535 552 1772 608 maribus
1793 550 1854 606 bb
1880 554 1955 606 cis
1980 552 2121 608 etvl-

459 649 541 691 tra
564 638 749 709 gyrari
771 638 981 709 possunt
1015 641 1076 696 ad
1102 641 1469 713 aequilibrium
1497 638 1725 693 brachiis
1753 638 2123 696 inducendum.

457 721 776 795 Duplicatae
799 725 925 795 sint,
958 740 1016 781 vt
1040 744 1139 780 vna
1161 729 1228 782 acl
1254 729 1473 781 alteram
1501 726 1678 780 durius
1699 723 1934 791 adducta,
1958 737 2121 780 vtrae-

459 827 561 881 que
586 811 682 865 fibi
711 811 911 867 firmius
936 813 1272 880 incumbant,
1315 829 1379 865 ne
1404 811 1760 865 aleuiattac'tu
1785 807 1914 863 loco
1929 808 2125 884 depelli

455 895 679 969 poffint‚
717 896 804 951 sed
834 900 1093 951 immotae
1114 898 1293 951 locum
1315 894 1620 968 assignatum
1643 893 1860 950 seruent.

613 993 675 1052 7,
764 978 869 1036 His
905 984 1083 1056 itaque
1123 983 1346 1054 peractis
1384 995 1738 1053 componatur
1770 994 1883 1036 tota
1936 981 2124 1041 bilanx

456 1067 591 1123 hunc
624 1068 675 1122 in
712 1069 938 1124 modum
975 1091 986 1125 :
1045 1068 1246 1140 Scapus
1282 1067 1344 1123 A
1369 1070 1683 1122 immittatur
1718 1069 1769 1121 in
1814 1068 2122 1141 ephippium

455 1155 520 1210 E.
603 1153 761 1210 Duae
809 1154 1065 1210 cochleae
1110 1157 1342 1211 maiores
1378 1171 1433 1209 cc
1470 1155 1547 1208 cis
1578 1168 1631 1209 et
1649 1152 1785 1209 vltra
1811 1154 2123 1227 ephippium
2201 1201 2209 1208 .

457 1241 722 1297 addantur.
822 1241 1042 1298 Deinde
1073 1243 1337 1312 Vtriusque
1379 1242 1548 1294 cruris
1601 1239 1837 1295 cochleis
1877 1239 2125 1297 masculis

457 1327 759 1384 minoribus
796 1326 860 1383 bb
895 1331 1225 1401 applicentur
1259 1327 1414 1382 binae
1446 1340 1647 1381 matres
1665 1342 1737 1397 yy
1767 1338 1820 1379 et
1854 1344 1956 1396 uu,
1991 1344 2123 1399 quae

455 1412 508 1467 se
531 1414 760 1472 inuicem
788 1429 1019 1488 tangant.
1106 1414 1282 1471 Porro
1307 1426 1637 1487 apponantur
1661 1413 1728 1468 ad
1750 1424 1996 1468 extrema
2009 1414 2125 1469 bra-

459 1499 703 1557 chiorum
746 1503 994 1558 cochleae
1045 1521 1110 1558 zz
1145 1519 1302 1556 crena
1342 1503 1565 1565 annulari
1601 1500 1830 1554 donatae
1857 1535 1872 1566 ‚
1933 1499 2124 1571 quibus

458 1587 714 1663 deinceps
745 1594 1086 1661 imponantur
1113 1590 1289 1644 annuli
1314 1606 1394 1644 xx
1421 1604 1545 1642 cum
1573 1584 1987 1657 dependentibus
2004 1587 2116 1641 lan-

457 1673 622 1738 cibus,
711 1677 960 1732 Tandem
990 1675 1343 1749 suspendenda
1368 1677 1461 1731 erit
1496 1687 1610 1730 tota
1635 1671 1820 1727 bilanx
1854 1688 1952 1745 per
1986 1673 2123 1729 fora·-

457 1776 585 1815 men
607 1765 843 1820 medium
860 1760 911 1836 f
924 1764 1159 1836 ephippii
1183 1762 1263 1823 D,
2090 1752 2096 1755 ⁷

596 1850 649 1911 8.
743 1847 1060 1923 Antequam
1101 1866 1236 1905 vero
1274 1847 1609 1921 suspendatur
1640 1846 1769 1903 haec
1788 1846 1965 1902 bilanx
1998 1861 2126 1903 con·

456 1939 751 1996 ficiendum
777 1940 878 1994 erit
897 1938 1084 1993 lineale
1104 1936 1244 1994 BBB
1279 1954 1403 1993 cum
1428 1936 1513 1992 sua
1546 1935 1738 1990 lamina
1762 1934 2123 2011 perpendicu-

456 2027 557 2080 lari
579 2042 629 2079 ω
658 2025 1107 2095 quemadmodum
1146 2024 1253 2078 hoc
1288 2023 1613 2094 descriptum
1645 2034 1787 2077 extat
1809 2014 1945 2093 Cap.
1967 2019 2036 2077 11.
2070 2016 2121 2089 6.

471 2126 516 2185 5.
536 2111 595 2170 ss,
681 2108 818 2167 Non
844 2123 1025 2163 tamen
1048 2110 1245 2162 neceffe
1272 2111 1427 2174 est,vt
1443 2109 1551 2164 hoc
1578 2108 1761 2161 lineale
1792 2107 1850 2160 in
1883 2108 2125 2178 Vtrisque

458 2197 707 2252 extremis
736 2195 960 2249 eandem
982 2193 1177 2249 habeat
1204 2190 1438 2247 formam
1466 2209 1621 2264 quam
1643 2191 1717 2244 ibi
1745 2192 2123 2248 delineauimus
2153 2191 2162 2205 ’¹

452 2282 541 2338 sed
570 2283 853 2338 brachium
879 2281 1134 2336 sinistrum
1158 2276 1390 2334 formam
1414 2278 1566 2333 illam
1591 2276 1785 2333 habeat
1806 2279 2012 2333 neceffe
2033 2281 2124 2349 est,

461 2371 713 2426 dextrum
737 2384 867 2423 vero
895 2369 1089 2422 desinat
1116 2369 1169 2421 in
1197 2365 1476 2420 cochleam
1514 2362 1882 2419 craffiusculam
1907 2383 2118 2422 marem

460 2472 517 2513 2.
558 2459 699 2530 digit.
732 2457 951 2527 longam
992 2472 1022 2509 a
1052 2490 1067 2521 ‚
1118 2455 1203 2509 cui
1236 2453 1534 2507 adiiciantur
1555 2450 1711 2505 binae
1735 2452 1987 2506 cochleae
2011 2451 2122 2507 foe-

462 2543 668 2608 minae,
715 2559 935 2613 quarum
964 2558 1062 2594 vna
1085 2539 1112 2594 b
1148 2541 1302 2594 instar
1327 2551 1474 2593 rotae
1499 2535 1579 2593 seu
1616 2537 1854 2592 orbiculi
1900 2580 1914 2605 ‚
1960 2538 2116 2593 altera

457 2628 491 2684 d
512 2647 633 2685 cum
657 2628 952 2684 manubriis
978 2627 1118 2680 binis
1145 2625 1427 2681 efformata
1455 2623 1528 2678 fit.
1613 2623 1733 2680 Hae
1770 2624 2022 2680 cochleae
2054 2624 2123 2679 ad

459 2731 703 2771 centrum
730 2714 867 2786 scapi
893 2715 1073 2769 ductae
1098 2713 1368 2769 brachium
1392 2713 1498 2768 hoc
1524 2710 1735 2765 linealis
1759 2710 1935 2781 leuius,
1965 2710 2118 2766 redu·

454 2805 565 2860 stae
586 2804 792 2873 grauius
813 2798 1024 2857 faciunt.

1894 2898 1950 2959 9.
2002 2875 2118 2939 Sus-
