2393 3590
252 1510 370 1558 Ταῦ.
394 1518 462 1562 28.

250 1577 355 1636 Fig.
370 1575 483 1623 XV.

538 108 676 178 444-
967 90 1216 153 NVMI
1258 85 1752 148 ERTTHRAEI

536 242 1113 320 NouaErythraeorum
1128 243 1264 300 sacra
1287 244 1500 299 nobisin
1515 244 1844 299 memoriam
1862 255 2078 300 reuocat
2092 244 2197 301 cla-

536 353 604 390 ua
639 334 840 390 nodosa
879 346 931 386 et
963 347 1179 402 corytus
1202 328 1459 383 Herculis.
1544 324 1699 381 Nam
1728 331 1848 397 quid
1890 332 2043 387 nobis
2077 349 2198 388 cum

534 422 736 481 Libero
764 436 912 491 patre
946 462 960 487 ,
991 419 1272 490 postquam
1298 433 1360 469 ea
1395 415 1586 485 opinio
1614 414 1926 471 labefactata
1955 419 2049 488 est,
2097 436 2198 490 qua

535 510 665 566 haec
689 506 946 564 Harduini
972 504 1037 557 de
1063 502 1271 557 Libero
1310 503 1611 557 coniectura
1649 500 1981 557 fulciebatur.
2064 504 2202 582 Quis

538 592 704 650 nescit
755 588 1009 646 Herculis
1041 591 1302 644 virtutem
1333 605 1448 644 non
1483 591 1650 644 minus
1695 589 1880 659 lagittis
1912 589 2194 663 insignem,

537 698 692 752 quam
720 679 866 733 claua
889 672 911 730 ,ἶ
939 673 1343 749 Stymphalides
1374 693 1492 731 aues
1512 690 1564 730 et
1589 693 1743 730 cerua
1766 675 1970 729 Dianae
1994 691 2046 732 et
2059 675 2202 734 Nes-

535 768 614 822 sus
641 780 691 821 et
717 782 849 838 genu
873 762 1128 819 Chironis
1162 807 1176 833 ‚
1233 762 1340 837 ipse
1383 764 1608 835 denique
1643 761 1919 820 Nemaeus
1949 765 2039 819 leo
2064 764 2201 819 testi-

535 854 720 909 monio
746 851 881 919 sunt,
923 848 1209 908 Herculem
1231 867 1340 905 non
1365 851 1682 924 degenerem
1719 850 1902 920 Euryti
1926 847 2014 924 (6)
2046 848 2197 905 disci-

531 940 715 1011 pulum
740 940 792 992 in
814 937 1093 1011 sagittandi
1118 950 1226 992 arte
1250 934 1411 996 fuiffe,
1502 935 1744 1010 Corytus
1773 938 1827 990 in
1848 938 2097 993 omnibus
2118 936 2198 993 his

534 1026 708 1081 numis
743 1026 942 1081 eximia
969 1023 1318 1095 pulcritudine
1345 1024 1666 1096 conspicitur
1693 1066 1707 1091 ‚
1742 1038 1798 1078 vt
1826 1039 2046 1095 quatuor
2073 1041 2202 1079 con-

532 1113 805 1183 string³tur
837 1111 1032 1180 angulis
1057 1153 1072 1180 ,
1118 1122 1174 1164 vt
1207 1110 1364 1165 bullis
1393 1110 1476 1165 seu
1516 1113 1682 1165 aereis
1706 1109 1788 1163 seu
1818 1112 2083 1183 argenteis
2105 1112 2200 1165 cir-

535 1215 666 1253 cum
694 1213 941 1254 extrema
965 1211 1209 1263 ornatur,
1228 1210 1287 1249 vt
1308 1212 1433 1265 pars
1469 1193 1708 1266 superior
1736 1196 1994 1253 clathrata
2031 1198 2104 1252 est
2131 1197 2198 1251 ad

533 1287 880 1341 minuendum
916 1285 1123 1356 pondus
1151 1316 1168 1346 ,
1205 1293 1260 1334 vt
1283 1280 1452 1335 media
1485 1282 1558 1336 est
1584 1281 1714 1336 loris
1748 1281 1986 1337 deuinCta
2007 1324 2020 1351 ,
2064 1301 2198 1355 quae

531 1373 885 1428 retroreiec‘ta
914 1367 1177 1440 pendent,
1212 1383 1319 1439 quo
1358 1369 1515 1422 leuari
1538 1382 1757 1439 corytus
1785 1369 1944 1441 poffit
1970 1383 2025 1424 et
2059 1369 2203 1425 indui

529 1455 764 1513 humeris
798 1499 812 1526 ,
855 1469 910 1510 vt
937 1470 1082 1509 arcus
1111 1452 1337 1526 denique
1360 1451 1571 1511 insertus
1597 1455 1670 1509 est
1696 1497 1711 1523 ‚
1744 1456 2080 1527 prominente
2104 1472 2198 1511 ex-

529 1557 705 1599 tremo
733 1560 898 1597 cornu
925 1554 976 1595 et
998 1556 1164 1595 neruo
1186 1579 1200 1610 ‚
1235 1543 1305 1596 ita
1323 1554 1381 1596 vt
1405 1544 1595 1597 maiori
1617 1541 1791 1597 forma
1817 1541 2197 1614 descripfimUS‚
2216 1571 2228 1588 ι

526 1630 788 1702 quoniam
835 1645 896 1682 ea
929 1626 1099 1684 adhuc
1135 1628 1426 1683 defiderata
1455 1628 1549 1687 est.
1639 1625 1777 1685 Fere
1807 1629 1992 1681 eadem
2017 1628 2195 1684 forma

529 1717 600 1771 est
624 1726 946 1786 corytorum
985 1715 1171 1789 quibus
1198 1712 1440 1770 Sinenses
1474 1726 1527 1768 et
1547 1711 1766 1769 Tartari
1801 1726 2010 1768 vtuntur
2044 1731 2072 1768 e
2102 1732 2195 1770 co-

523 1803 648 1870 rio,
687 1801 857 1874 quales
882 1801 995 1857 sunt
1030 1802 1289 1874 quaedam
1332 1803 1387 1856 in
1409 1800 1769 1872 Imperatorio
1795 1799 1993 1860 museo,
2032 1796 2197 1855 Glos-

529 1889 614 1945 sae
633 1902 871 1946 veteres:
902 1883 1162 1966 Ὑωξυτός
1188 1889 1273 1956 ἓή
1286 1909 1356 1956 κη
1391 1884 1721 1962 δερματίνην)
1748 1885 1945 1946 ξἐλῶν.
2047 1886 2196 1944 Bene

528 1976 692 2033 habet
714 2012 729 2044 ,
776 1977 919 2048 quod
959 1992 1181 2047 corytus
1221 1995 1250 2031 e
1288 1979 1444 2032 corio
1484 1975 1682 2030 confici
1711 1974 1934 2044 dicitur,
1971 1973 2196 2033 leuitatis

531 2065 714 2121 cauffa.
803 2064 1104 2136 Virgilius:
1147 2063 1228 2138 (7)

1073 2152 1216 2224 queis
1240 2150 1372 2216 tela,
1392 2146 1658 2222 sagittae,

690 2232 973 2309 C07ytique
991 2236 1122 2292 leues
1145 2236 1370 2292 humeris
1386 2278 1400 2305 ,
1423 2243 1472 2289 et
1489 2231 1692 2306 lethifer
1716 2248 1887 2293 arcus.

532 2317 627 2375 Ob
680 2325 907 2375 eandem
958 2323 1182 2379 caussam
1224 2321 1465 2380 Herculis
1509 2319 1813 2389 pharetram
1861 2319 2195 2380 Theocritus

533 2403 944 2486 ’πολύξξαπτον
980 2406 1069 2482 (8)
1109 2410 1262 2466 dixit.
1361 2405 1450 2463 At
1483 2421 1727 2479 corytum
1744 2406 2061 2480 sagittarum
2086 2411 2193 2466 the-

2064 2514 2194 2567 cam,

670 2665 743 2716 (6‘=
779 2658 1068 2706 Heracliscus
1092 2658 1406 2707 Theocritiv.
1427 2675 1534 2718 105,
1604 2663 1683 2724 (7)
1710 2657 1832 2706 Aen.
1875 2679 1920 2707 x.
1948 2671 2054 2723 169,
2109 2668 2190 2722 (8)

532 2731 576 2774 in
593 2725 798 2774 Hercule
819 2725 989 2774 Leont.
1008 2743 1051 2774 v.
1076 2730 1178 2785 265.
